{"local_ts": 1772934274128, "server_ts": 1772934271924, "data": {"e": "depthUpdate", "E": 1772934271927, "T": 1772934271924, "s": "BTCUSDT", "U": 10063159471634, "u": 10063159478725, "pu": 10063159471605, "b": [["5000.00", "92.437"], ["16760.00", "0.528"], ["16860.00", "0.672"], ["17060.00", "1.752"], ["17160.00", "0.648"], ["60534.00", "0.005"], ["66082.90", "6.952"], ["66587.40", "2.625"], ["66621.00", "4.725"], ["66787.60", "0.002"], ["66923.80", "0.010"], ["67035.10", "0.003"], ["67047.60", "1.705"], ["67156.10", "0.067"], ["67201.90", "1.219"], ["67212.80", "0.201"], ["67212.90", "0.004"], ["67231.70", "0.004"], ["67235.00", "0.063"], ["67236.10", "0.075"], ["67252.50", "0.006"], ["67254.90", "0.064"], ["67255.00", "0.012"], ["67255.20", "0.392"], ["67260.00", "3.642"]], "a": [["67260.10", "2.051"], ["67267.60", "0.000"], ["67269.00", "0.842"], ["67270.30", "0.002"], ["67272.20", "0.005"], ["67272.40", "0.107"], ["67282.10", "10.748"], ["67282.50", "0.009"], ["67282.60", "0.007"], ["67283.80", "0.015"], ["67287.50", "0.080"], ["67301.70", "0.083"], ["67301.90", "0.010"], ["67302.00", "0.314"], ["67302.10", "0.058"], ["67302.20", "0.002"], ["67303.20", "0.006"], ["67305.40", "0.002"], ["67305.50", "1.230"], ["67932.70", "1.470"], ["68235.40", "10.405"], ["73986.10", "0.018"]]}}
{"local_ts": 1772934275210, "server_ts": 1772934273154, "data": {"e": "depthUpdate", "E": 1772934273155, "T": 1772934273154, "s": "BTCUSDT", "U": 10063159539492, "u": 10063159544218, "pu": 10063159539484, "b": [["5000.00", "92.437"], ["16760.00", "0.648"], ["16960.00", "1.812"], ["17060.00", "0.588"], ["17160.00", "0.552"], ["63897.00", "0.008"], ["64600.30", "0.002"], ["64606.00", "0.002"], ["64608.20", "0.002"], ["64613.90", "0.002"], ["64616.60", "0.002"], ["64623.30", "0.000"], ["64634.30", "0.000"], ["64636.30", "0.022"], ["64639.10", "0.002"], ["64660.80", "0.000"], ["66587.40", "3.377"], ["67102.20", "0.101"], ["67108.60", "0.099"], ["67115.60", "0.092"], ["67123.00", "0.000"], ["67145.80", "0.008"], ["67147.80", "1.618"], ["67147.90", "1.477"], ["67149.40", "15.771"], ["67151.00", "1.143"], ["67152.60", "3.760"], ["67154.20", "1.133"], ["67155.80", "1.148"], ["67157.40", "1.133"], ["67159.00", "1.141"], ["67160.60", "1.137"], ["67162.20", "1.133"], ["67163.80", "1.291"], ["67165.40", "1.198"], ["67167.00", "1.136"], ["67168.60", "3.278"], ["67170.20", "2.309"], ["67171.80", "1.135"], ["67173.40", "1.133"], ["67175.00", "1.135"], ["67176.60", "1.135"], ["67178.20", "1.133"], ["67180.90", "0.892"], ["67210.30", "0.117"], ["67210.40", "0.054"], ["67212.80", "0.199"], ["67212.90", "0.006"], ["67214.40", "0.024"], ["67252.40", "0.098"], ["67252.70", "0.066"], ["67253.00", "0.079"], ["67253.50", "0.561"], ["67254.80", "0.211"], ["67255.30", "0.021"], ["67255.60", "0.004"], ["67255.90", "0.008"], ["67256.20", "0.000"], ["67256.80", "0.001"], ["67257.30", "0.002"], ["67260.00", "3.710"]], "a": [["67260.10", "1.947"], ["67260.40", "0.000"], ["67260.80", "0.002"], ["67267.60", "0.000"], ["67269.10", "0.030"], ["67270.70", "0.037"], ["67272.10", "0.049"], ["67288.30", "0.010"], ["67289.50", "0.414"], ["67290.80", "0.001"], ["67292.00", "0.002"], ["67305.50", "1.228"], ["67305.60", "0.572"], ["67335.70", "0.040"], ["67342.40", "0.017"], ["67349.20", "0.017"], ["67359.70", "0.018"], ["67932.70", "2.207"], ["69983.30", "0.008"], ["69988.30", "0.002"], ["69989.90", "0.000"], ["69998.60", "0.000"], ["70001.30", "0.002"], ["70010.50", "0.002"], ["70019.50", "0.002"], ["70032.00", "0.000"], ["70045.80", "0.045"], ["70049.10", "0.000"]]}}
{"local_ts": 1772934276234, "server_ts": 1772934274176, "data": {"e": "depthUpdate", "E": 1772934274179, "T": 1772934274176, "s": "BTCUSDT", "U": 10063159585918, "u": 10063159590423, "pu": 10063159585781, "b": [["5000.00", "92.437"], ["16860.00", "1.464"], ["16960.00", "0.936"], ["17060.00", "0.372"], ["17160.00", "0.828"], ["63560.70", "0.360"], ["63897.00", "0.008"], ["63897.10", "0.002"], ["66587.40", "4.875"], ["66923.60", "2.095"], ["66923.70", "0.077"], ["67035.00", "0.018"], ["67145.80", "0.006"], ["67146.30", "0.453"], ["67212.50", "0.082"], ["67212.80", "0.199"], ["67234.90", "1.411"]], "a": [["67261.50", "0.017"], ["67270.90", "0.113"], ["67292.30", "0.039"], ["67293.00", "0.261"], ["67305.50", "1.230"], ["67306.20", "0.031"], ["67590.00", "0.735"], ["67899.10", "0.736"], ["67932.70", "3.675"], ["68422.10", "0.751"], ["73890.00", "1.086"]]}}
{"local_ts": 1772934277258, "server_ts": 1772934275204, "data": {"e": "depthUpdate", "E": 1772934275205, "T": 1772934275204, "s": "BTCUSDT", "U": 10063159647298, "u": 10063159653794, "pu": 10063159647146, "b": [["5000.00", "92.437"], ["16760.00", "1.116"], ["16860.00", "1.284"], ["16960.00", "0.204"], ["17060.00", "0.996"], ["33000.00", "5.195"], ["63560.70", "0.360"], ["65931.70", "0.649"], ["66000.10", "1.085"], ["66587.40", "4.875"], ["67140.60", "0.003"], ["67179.80", "0.095"], ["67194.40", "0.025"], ["67212.50", "0.006"], ["67212.60", "0.014"], ["67220.80", "1.494"], ["67221.30", "0.207"], ["67235.00", "0.018"], ["67238.60", "0.005"], ["67239.30", "0.262"], ["67239.80", "0.004"], ["67240.20", "0.008"], ["67241.90", "0.391"], ["67242.70", "0.673"], ["67243.30", "0.064"], ["67245.70", "0.006"], ["67246.90", "0.010"], ["67248.90", "1.480"], ["67249.10", "1.503"], ["67249.90", "0.025"], ["67250.00", "0.107"], ["67251.90", "0.003"], ["67252.50", "0.006"], ["67253.30", "0.158"], ["67254.00", "0.046"], ["67254.10", "0.001"], ["67255.20", "0.273"], ["67255.90", "0.068"], ["67256.30", "0.004"], ["67256.80", "0.061"], ["67257.30", "0.002"], ["67257.70", "0.001"], ["67259.90", "0.192"], ["67260.00", "1.014"]], "a": [["67260.10", "3.853"], ["67266.80", "0.874"], ["67270.90", "0.113"], ["67272.60", "1.276"], ["67276.30", "0.463"], ["67277.00", "0.725"], ["67280.20", "0.839"], ["67282.60", "0.007"], ["67284.70", "0.017"], ["67293.00", "0.003"], ["67298.80", "0.203"], ["67302.60", "0.002"], ["67302.80", "1.234"], ["67325.70", "0.049"], ["67327.40", "0.005"], ["67338.60", "1.137"], ["67340.20", "0.626"], ["67341.80", "1.430"], ["67343.40", "0.207"], ["67345.00", "0.915"], ["67346.60", "0.005"], ["67348.20", "0.002"], ["67349.80", "0.255"], ["67351.40", "0.004"], ["67353.00", "0.000"], ["67354.60", "0.004"], ["67356.20", "0.037"], ["67357.80", "0.000"], ["67359.40", "1.490"], ["67361.00", "0.043"], ["67362.60", "0.000"], ["67364.20", "0.015"], ["67365.80", "0.000"], ["67367.40", "0.026"], ["67369.00", "0.077"], ["67370.60", "1.754"], ["67373.60", "0.000"], ["67379.60", "0.246"], ["67474.30", "1.247"], ["67932.70", "3.675"], ["68221.60", "3.077"], ["68302.60", "8.568"], ["68356.10", "0.000"], ["68723.40", "1.246"], ["70623.10", "0.002"]]}}
{"local_ts": 1772934278287, "server_ts": 1772934276227, "data": {"e": "depthUpdate", "E": 1772934276229, "T": 1772934276227, "s": "BTCUSDT", "U": 10063159711460, "u": 10063159717937, "pu": 10063159711420, "b": [["5000.00", "92.437"], ["16760.00", "1.512"], ["16859.30", "0.024"], ["16959.30", "0.228"], ["16960.00", "0.948"], ["17060.00", "0.000"], ["17159.30", "0.360"], ["53807.00", "0.000"], ["63560.00", "0.392"], ["66526.20", "0.751"], ["66586.70", "0.000"], ["67035.20", "0.003"], ["67054.40", "0.501"], ["67058.40", "0.043"], ["67170.60", "0.004"], ["67175.00", "1.135"], ["67212.20", "1.436"], ["67212.40", "0.002"], ["67234.50", "0.247"], ["67244.90", "0.000"], ["67245.00", "0.005"], ["67245.20", "0.825"], ["67245.50", "0.006"], ["67245.60", "0.006"], ["67247.80", "0.003"], ["67249.20", "0.002"], ["67252.00", "0.444"], ["67253.50", "0.004"], ["67255.20", "0.229"]], "a": [["67260.10", "0.326"], ["67266.30", "0.000"], ["67269.50", "0.069"], ["67270.20", "0.075"], ["67290.00", "0.067"], ["67300.20", "0.032"], ["67300.30", "0.139"], ["67301.50", "0.049"], ["67302.00", "0.269"], ["67304.10", "0.001"], ["67304.30", "0.647"], ["67337.50", "1.133"], ["67339.10", "1.151"], ["67340.70", "0.782"], ["67342.60", "0.207"], ["67920.40", "0.000"], ["68021.70", "0.000"], ["68336.30", "6.032"], ["68897.00", "0.008"], ["70958.70", "0.071"], ["89523.20", "0.000"]]}}
{"local_ts": 1772934279305, "server_ts": 1772934277250, "data": {"e": "depthUpdate", "E": 1772934277251, "T": 1772934277250, "s": "BTCUSDT", "U": 10063159767069, "u": 10063159770513, "pu": 10063159767058, "b": [["5000.00", "92.417"], ["16759.30", "0.060"], ["16760.00", "0.000"], ["16859.30", "1.044"], ["16959.30", "0.156"], ["16960.00", "0.000"], ["17059.30", "0.468"], ["17159.30", "1.872"], ["17160.00", "0.000"], ["33000.00", "5.199"], ["63560.00", "0.392"], ["65914.20", "0.009"], ["65914.80", "0.006"], ["66586.70", "0.000"], ["66923.00", "0.002"], ["66923.70", "0.077"], ["67065.30", "0.002"], ["67069.50", "0.002"], ["67139.00", "0.006"], ["67141.20", "0.000"], ["67142.80", "0.963"], ["67144.40", "0.182"], ["67146.00", "0.000"], ["67147.60", "0.002"], ["67149.20", "0.002"], ["67150.80", "0.000"], ["67152.40", "0.092"], ["67154.00", "0.095"], ["67155.60", "0.655"], ["67157.20", "0.214"], ["67158.80", "1.286"], ["67160.40", "0.004"], ["67162.00", "0.000"], ["67163.60", "1.133"], ["67165.20", "0.000"], ["67166.80", "0.000"], ["67168.40", "0.957"], ["67170.00", "0.000"], ["67171.60", "0.011"], ["67173.20", "0.005"], ["67174.80", "1.203"], ["67176.40", "2.974"], ["67178.10", "1.109"], ["67211.90", "0.841"], ["67212.10", "0.033"], ["67234.50", "0.200"], ["67238.00", "0.003"], ["67239.80", "0.539"], ["67241.40", "0.002"], ["67242.90", "0.669"], ["67244.30", "0.002"], ["67245.10", "0.008"], ["67246.80", "0.689"], ["67246.90", "0.059"], ["67248.00", "0.021"], ["67248.10", "0.011"], ["67248.30", "0.004"], ["67248.40", "1.007"], ["67253.40", "0.060"], ["67254.40", "0.008"], ["67259.30", "3.086"]], "a": [["67259.40", "9.982"], ["67263.80", "0.000"], ["67264.20", "0.001"], ["67264.30", "0.002"], ["67264.40", "0.001"], ["67264.60", "0.009"], ["67264.70", "0.000"], ["67265.00", "0.010"], ["67265.20", "0.001"], ["67265.50", "0.000"], ["67265.80", "0.001"], ["67266.30", "0.060"], ["67266.50", "0.152"], ["67266.60", "0.079"], ["67266.90", "0.066"], ["67267.10", "0.062"], ["67267.40", "0.068"], ["67267.50", "0.003"], ["67267.70", "0.063"], ["67267.90", "0.063"], ["67270.20", "0.372"], ["67275.60", "0.002"], ["67276.50", "0.689"], ["67281.20", "0.025"], ["67281.60", "0.000"], ["67282.00", "0.535"], ["67282.60", "0.081"], ["67289.30", "0.008"], ["67290.30", "0.012"], ["67291.30", "0.049"], ["67292.30", "0.299"], ["67304.10", "0.003"], ["67304.20", "0.002"], ["67326.70", "0.002"], ["67339.90", "2.435"], ["67932.00", "0.005"], ["68067.20", "5.868"], ["68513.20", "0.003"], ["69128.80", "0.021"], ["70623.10", "0.000"], ["70958.70", "0.071"], ["89523.20", "0.000"]]}}
{"local_ts": 1772934280333, "server_ts": 1772934278270, "data": {"e": "depthUpdate", "E": 1772934278271, "T": 1772934278270, "s": "BTCUSDT", "U": 10063159807232, "u": 10063159811698, "pu": 10063159807229, "b": [["5000.00", "92.417"], ["16759.30", "0.864"], ["16859.30", "0.336"], ["16959.30", "0.288"], ["17059.30", "1.872"], ["17159.30", "0.240"], ["63560.00", "0.392"], ["63897.00", "0.012"], ["63897.10", "0.006"], ["66129.30", "0.302"], ["66586.70", "1.500"], ["66725.90", "0.000"], ["67037.70", "0.487"], ["67058.70", "0.117"], ["67065.30", "0.000"], ["67170.70", "0.892"], ["67171.00", "0.002"], ["67171.40", "1.434"], ["67172.30", "0.005"], ["67173.90", "1.430"], ["67175.50", "8.036"], ["67177.10", "1.913"], ["67191.70", "0.036"], ["67196.90", "0.100"], ["67197.10", "0.038"], ["67197.20", "0.002"], ["67197.60", "1.129"], ["67197.80", "0.063"], ["67198.80", "0.027"], ["67215.70", "0.062"], ["67224.00", "0.004"], ["67234.40", "0.089"], ["67243.10", "0.049"], ["67245.30", "0.004"], ["67245.80", "0.004"], ["67246.00", "0.021"], ["67247.20", "1.038"], ["67248.00", "0.021"], ["67249.30", "0.000"], ["67249.50", "0.038"], ["67249.60", "0.007"], ["67250.00", "0.036"], ["67250.20", "0.076"], ["67250.50", "0.061"], ["67251.20", "0.025"], ["67252.50", "0.006"], ["67258.70", "0.002"], ["67259.30", "1.893"]], "a": [["67259.40", "9.122"], ["67259.70", "0.002"], ["67259.80", "0.002"], ["67260.80", "0.015"], ["67263.30", "1.003"], ["67263.80", "0.000"], ["67264.00", "0.372"], ["67266.00", "0.078"], ["67270.20", "0.304"], ["67270.30", "0.070"], ["67271.00", "0.129"], ["67271.30", "0.002"], ["67271.40", "0.126"], ["67271.60", "0.052"], ["67271.70", "0.074"], ["67272.00", "0.142"], ["67272.70", "0.635"], ["67272.90", "0.503"], ["67296.50", "0.502"], ["67297.20", "0.177"], ["67297.50", "0.048"], ["67297.60", "0.121"], ["67297.80", "0.006"], ["67298.20", "0.091"], ["67299.50", "0.121"], ["67304.20", "0.002"], ["67304.30", "0.647"], ["67323.70", "0.445"], ["67324.00", "0.422"], ["67324.40", "0.004"], ["67326.70", "0.002"], ["67327.20", "0.065"], ["67339.60", "2.557"], ["67503.70", "0.000"], ["67803.40", "0.000"], ["67899.00", "0.265"], ["67932.00", "0.003"], ["67959.30", "0.021"], ["68163.20", "0.003"], ["70958.70", "0.071"], ["89523.20", "0.000"]]}}
