{"local_ts": 1772933855427, "server_ts": 1772933853368, "data": {"e": "aggTrade", "E": 1772933853368, "a": 3185350715, "s": "BTCUSDT", "p": "67212.60", "q": "0.001", "nq": "0.001", "f": 7401224726, "l": 7401224726, "T": 1772933853214, "m": false}}
{"local_ts": 1772933855607, "server_ts": 1772933853549, "data": {"e": "aggTrade", "E": 1772933853549, "a": 3185350716, "s": "BTCUSDT", "p": "67212.50", "q": "0.140", "nq": "0.140", "f": 7401224727, "l": 7401224727, "T": 1772933853396, "m": true}}
{"local_ts": 1772933856260, "server_ts": 1772933854202, "data": {"e": "aggTrade", "E": 1772933854202, "a": 3185350717, "s": "BTCUSDT", "p": "67212.50", "q": "0.018", "nq": "0.018", "f": 7401224728, "l": 7401224728, "T": 1772933854049, "m": true}}
{"local_ts": 1772933856788, "server_ts": 1772933854731, "data": {"e": "aggTrade", "E": 1772933854731, "a": 3185350718, "s": "BTCUSDT", "p": "67212.50", "q": "0.038", "nq": "0.038", "f": 7401224729, "l": 7401224729, "T": 1772933854628, "m": true}}
{"local_ts": 1772933856940, "server_ts": 1772933854882, "data": {"e": "aggTrade", "E": 1772933854882, "a": 3185350719, "s": "BTCUSDT", "p": "67212.60", "q": "0.013", "nq": "0.013", "f": 7401224730, "l": 7401224731, "T": 1772933854729, "m": false}}
{"local_ts": 1772933857075, "server_ts": 1772933855017, "data": {"e": "aggTrade", "E": 1772933855017, "a": 3185350720, "s": "BTCUSDT", "p": "67212.50", "q": "0.019", "nq": "0.019", "f": 7401224732, "l": 7401224732, "T": 1772933854983, "m": true}}
{"local_ts": 1772933857225, "server_ts": 1772933855168, "data": {"e": "aggTrade", "E": 1772933855168, "a": 3185350721, "s": "BTCUSDT", "p": "67212.60", "q": "0.654", "nq": "0.654", "f": 7401224733, "l": 7401224737, "T": 1772933855014, "m": false}}
{"local_ts": 1772933857405, "server_ts": 1772933855347, "data": {"e": "aggTrade", "E": 1772933855347, "a": 3185350722, "s": "BTCUSDT", "p": "67212.60", "q": "0.002", "nq": "0.002", "f": 7401224738, "l": 7401224738, "T": 1772933855194, "m": false}}
{"local_ts": 1772933857627, "server_ts": 1772933855571, "data": {"e": "aggTrade", "E": 1772933855571, "a": 3185350723, "s": "BTCUSDT", "p": "67212.50", "q": "0.007", "nq": "0.007", "f": 7401224739, "l": 7401224739, "T": 1772933855418, "m": true}}
{"local_ts": 1772933857786, "server_ts": 1772933855728, "data": {"e": "aggTrade", "E": 1772933855728, "a": 3185350724, "s": "BTCUSDT", "p": "67212.60", "q": "0.025", "nq": "0.025", "f": 7401224740, "l": 7401224740, "T": 1772933855573, "m": false}}
{"local_ts": 1772933857978, "server_ts": 1772933855921, "data": {"e": "aggTrade", "E": 1772933855921, "a": 3185350725, "s": "BTCUSDT", "p": "67212.60", "q": "0.351", "nq": "0.351", "f": 7401224741, "l": 7401224744, "T": 1772933855767, "m": false}}
{"local_ts": 1772933858156, "server_ts": 1772933856098, "data": {"e": "aggTrade", "E": 1772933856098, "a": 3185350726, "s": "BTCUSDT", "p": "67212.50", "q": "0.010", "nq": "0.010", "f": 7401224745, "l": 7401224745, "T": 1772933855944, "m": true}}
{"local_ts": 1772933858285, "server_ts": 1772933856226, "data": {"e": "aggTrade", "E": 1772933856226, "a": 3185350727, "s": "BTCUSDT", "p": "67212.60", "q": "0.151", "nq": "0.151", "f": 7401224746, "l": 7401224749, "T": 1772933856124, "m": false}}
{"local_ts": 1772933858435, "server_ts": 1772933856377, "data": {"e": "aggTrade", "E": 1772933856377, "a": 3185350728, "s": "BTCUSDT", "p": "67212.50", "q": "0.192", "nq": "0.192", "f": 7401224750, "l": 7401224750, "T": 1772933856225, "m": true}}
{"local_ts": 1772933858659, "server_ts": 1772933856599, "data": {"e": "aggTrade", "E": 1772933856599, "a": 3185350729, "s": "BTCUSDT", "p": "67212.50", "q": "0.093", "nq": "0.093", "f": 7401224751, "l": 7401224752, "T": 1772933856482, "m": true}}
{"local_ts": 1772933858660, "server_ts": 1772933856599, "data": {"e": "aggTrade", "E": 1772933856599, "a": 3185350730, "s": "BTCUSDT", "p": "67212.50", "q": "0.257", "nq": "0.257", "f": 7401224753, "l": 7401224767, "T": 1772933856597, "m": true}}
{"local_ts": 1772933858660, "server_ts": 1772933856599, "data": {"e": "aggTrade", "E": 1772933856599, "a": 3185350731, "s": "BTCUSDT", "p": "67212.40", "q": "0.002", "nq": "0.002", "f": 7401224768, "l": 7401224768, "T": 1772933856597, "m": true}}
{"local_ts": 1772933858660, "server_ts": 1772933856599, "data": {"e": "aggTrade", "E": 1772933856599, "a": 3185350732, "s": "BTCUSDT", "p": "67212.30", "q": "0.004", "nq": "0.004", "f": 7401224769, "l": 7401224770, "T": 1772933856597, "m": true}}
{"local_ts": 1772933858660, "server_ts": 1772933856599, "data": {"e": "aggTrade", "E": 1772933856599, "a": 3185350733, "s": "BTCUSDT", "p": "67212.10", "q": "0.002", "nq": "0.002", "f": 7401224771, "l": 7401224771, "T": 1772933856597, "m": true}}
{"local_ts": 1772933858661, "server_ts": 1772933856599, "data": {"e": "aggTrade", "E": 1772933856599, "a": 3185350734, "s": "BTCUSDT", "p": "67211.80", "q": "0.002", "nq": "0.002", "f": 7401224772, "l": 7401224772, "T": 1772933856597, "m": true}}
{"local_ts": 1772933858661, "server_ts": 1772933856599, "data": {"e": "aggTrade", "E": 1772933856599, "a": 3185350735, "s": "BTCUSDT", "p": "67211.70", "q": "0.006", "nq": "0.006", "f": 7401224773, "l": 7401224775, "T": 1772933856597, "m": true}}
{"local_ts": 1772933858661, "server_ts": 1772933856599, "data": {"e": "aggTrade", "E": 1772933856599, "a": 3185350736, "s": "BTCUSDT", "p": "67211.60", "q": "0.009", "nq": "0.009", "f": 7401224776, "l": 7401224777, "T": 1772933856597, "m": true}}
{"local_ts": 1772933858677, "server_ts": 1772933856617, "data": {"e": "aggTrade", "E": 1772933856617, "a": 3185350737, "s": "BTCUSDT", "p": "67211.50", "q": "0.055", "nq": "0.055", "f": 7401224778, "l": 7401224779, "T": 1772933856597, "m": true}}
{"local_ts": 1772933858731, "server_ts": 1772933856672, "data": {"e": "aggTrade", "E": 1772933856672, "a": 3185350738, "s": "BTCUSDT", "p": "67211.60", "q": "0.014", "nq": "0.014", "f": 7401224780, "l": 7401224780, "T": 1772933856614, "m": false}}
{"local_ts": 1772933858885, "server_ts": 1772933856823, "data": {"e": "aggTrade", "E": 1772933856823, "a": 3185350739, "s": "BTCUSDT", "p": "67211.50", "q": "0.043", "nq": "0.043", "f": 7401224781, "l": 7401224783, "T": 1772933856671, "m": true}}
{"local_ts": 1772933859019, "server_ts": 1772933856960, "data": {"e": "aggTrade", "E": 1772933856960, "a": 3185350740, "s": "BTCUSDT", "p": "67211.40", "q": "0.075", "nq": "0.075", "f": 7401224784, "l": 7401224784, "T": 1772933856949, "m": true}}
{"local_ts": 1772933859124, "server_ts": 1772933857066, "data": {"e": "aggTrade", "E": 1772933857066, "a": 3185350741, "s": "BTCUSDT", "p": "67211.50", "q": "0.013", "nq": "0.013", "f": 7401224785, "l": 7401224785, "T": 1772933856958, "m": false}}
{"local_ts": 1772933859166, "server_ts": 1772933857106, "data": {"e": "aggTrade", "E": 1772933857106, "a": 3185350742, "s": "BTCUSDT", "p": "67211.50", "q": "1.264", "nq": "1.264", "f": 7401224786, "l": 7401224788, "T": 1772933857064, "m": false}}
{"local_ts": 1772933859170, "server_ts": 1772933857112, "data": {"e": "aggTrade", "E": 1772933857112, "a": 3185350743, "s": "BTCUSDT", "p": "67211.40", "q": "0.021", "nq": "0.021", "f": 7401224789, "l": 7401224793, "T": 1772933857105, "m": true}}
{"local_ts": 1772933859184, "server_ts": 1772933857123, "data": {"e": "aggTrade", "E": 1772933857123, "a": 3185350744, "s": "BTCUSDT", "p": "67211.30", "q": "0.083", "nq": "0.083", "f": 7401224794, "l": 7401224798, "T": 1772933857109, "m": true}}
{"local_ts": 1772933859267, "server_ts": 1772933857208, "data": {"e": "aggTrade", "E": 1772933857208, "a": 3185350745, "s": "BTCUSDT", "p": "67211.40", "q": "0.011", "nq": "0.011", "f": 7401224799, "l": 7401224799, "T": 1772933857121, "m": false}}
{"local_ts": 1772933859418, "server_ts": 1772933857359, "data": {"e": "aggTrade", "E": 1772933857359, "a": 3185350746, "s": "BTCUSDT", "p": "67211.30", "q": "0.045", "nq": "0.045", "f": 7401224800, "l": 7401224800, "T": 1772933857206, "m": true}}
{"local_ts": 1772933859631, "server_ts": 1772933857571, "data": {"e": "aggTrade", "E": 1772933857571, "a": 3185350747, "s": "BTCUSDT", "p": "67211.30", "q": "0.024", "nq": "0.024", "f": 7401224801, "l": 7401224806, "T": 1772933857569, "m": true}}
{"local_ts": 1772933859631, "server_ts": 1772933857573, "data": {"e": "aggTrade", "E": 1772933857573, "a": 3185350748, "s": "BTCUSDT", "p": "67211.20", "q": "0.005", "nq": "0.005", "f": 7401224807, "l": 7401224808, "T": 1772933857569, "m": true}}
{"local_ts": 1772933859632, "server_ts": 1772933857574, "data": {"e": "aggTrade", "E": 1772933857574, "a": 3185350749, "s": "BTCUSDT", "p": "67211.00", "q": "0.007", "nq": "0.007", "f": 7401224809, "l": 7401224811, "T": 1772933857572, "m": true}}
{"local_ts": 1772933859665, "server_ts": 1772933857606, "data": {"e": "aggTrade", "E": 1772933857606, "a": 3185350750, "s": "BTCUSDT", "p": "67210.90", "q": "0.008", "nq": "0.008", "f": 7401224812, "l": 7401224812, "T": 1772933857572, "m": true}}
{"local_ts": 1772933859679, "server_ts": 1772933857620, "data": {"e": "aggTrade", "E": 1772933857620, "a": 3185350751, "s": "BTCUSDT", "p": "67210.80", "q": "0.025", "nq": "0.025", "f": 7401224813, "l": 7401224814, "T": 1772933857604, "m": true}}
{"local_ts": 1772933859680, "server_ts": 1772933857620, "data": {"e": "aggTrade", "E": 1772933857620, "a": 3185350752, "s": "BTCUSDT", "p": "67210.30", "q": "0.004", "nq": "0.004", "f": 7401224815, "l": 7401224816, "T": 1772933857619, "m": true}}
{"local_ts": 1772933859681, "server_ts": 1772933857623, "data": {"e": "aggTrade", "E": 1772933857623, "a": 3185350753, "s": "BTCUSDT", "p": "67210.00", "q": "0.003", "nq": "0.003", "f": 7401224817, "l": 7401224818, "T": 1772933857619, "m": true}}
{"local_ts": 1772933859681, "server_ts": 1772933857623, "data": {"e": "aggTrade", "E": 1772933857623, "a": 3185350754, "s": "BTCUSDT", "p": "67209.90", "q": "0.004", "nq": "0.004", "f": 7401224819, "l": 7401224820, "T": 1772933857619, "m": true}}
{"local_ts": 1772933859688, "server_ts": 1772933857630, "data": {"e": "aggTrade", "E": 1772933857630, "a": 3185350755, "s": "BTCUSDT", "p": "67209.80", "q": "0.010", "nq": "0.010", "f": 7401224821, "l": 7401224821, "T": 1772933857619, "m": true}}
{"local_ts": 1772933859689, "server_ts": 1772933857630, "data": {"e": "aggTrade", "E": 1772933857630, "a": 3185350756, "s": "BTCUSDT", "p": "67209.50", "q": "0.006", "nq": "0.006", "f": 7401224822, "l": 7401224823, "T": 1772933857625, "m": true}}
{"local_ts": 1772933859689, "server_ts": 1772933857630, "data": {"e": "aggTrade", "E": 1772933857630, "a": 3185350757, "s": "BTCUSDT", "p": "67209.40", "q": "0.002", "nq": "0.002", "f": 7401224824, "l": 7401224824, "T": 1772933857625, "m": true}}
{"local_ts": 1772933859691, "server_ts": 1772933857633, "data": {"e": "aggTrade", "E": 1772933857633, "a": 3185350758, "s": "BTCUSDT", "p": "67209.20", "q": "0.008", "nq": "0.008", "f": 7401224825, "l": 7401224825, "T": 1772933857625, "m": true}}
{"local_ts": 1772933859693, "server_ts": 1772933857635, "data": {"e": "aggTrade", "E": 1772933857635, "a": 3185350759, "s": "BTCUSDT", "p": "67209.10", "q": "0.016", "nq": "0.016", "f": 7401224826, "l": 7401224828, "T": 1772933857629, "m": true}}
{"local_ts": 1772933859788, "server_ts": 1772933857728, "data": {"e": "aggTrade", "E": 1772933857728, "a": 3185350760, "s": "BTCUSDT", "p": "67208.90", "q": "0.035", "nq": "0.035", "f": 7401224829, "l": 7401224832, "T": 1772933857631, "m": true}}
{"local_ts": 1772933859878, "server_ts": 1772933857818, "data": {"e": "aggTrade", "E": 1772933857818, "a": 3185350761, "s": "BTCUSDT", "p": "67208.80", "q": "0.005", "nq": "0.005", "f": 7401224833, "l": 7401224833, "T": 1772933857725, "m": false}}
{"local_ts": 1772933860028, "server_ts": 1772933857969, "data": {"e": "aggTrade", "E": 1772933857969, "a": 3185350762, "s": "BTCUSDT", "p": "67208.70", "q": "0.031", "nq": "0.031", "f": 7401224834, "l": 7401224835, "T": 1772933857815, "m": true}}
{"local_ts": 1772933861041, "server_ts": 1772933858975, "data": {"e": "aggTrade", "E": 1772933858975, "a": 3185350763, "s": "BTCUSDT", "p": "67208.70", "q": "0.119", "nq": "0.119", "f": 7401224836, "l": 7401224843, "T": 1772933858972, "m": true}}
{"local_ts": 1772933861042, "server_ts": 1772933858975, "data": {"e": "aggTrade", "E": 1772933858975, "a": 3185350764, "s": "BTCUSDT", "p": "67208.60", "q": "0.045", "nq": "0.045", "f": 7401224844, "l": 7401224845, "T": 1772933858972, "m": true}}
{"local_ts": 1772933861042, "server_ts": 1772933858975, "data": {"e": "aggTrade", "E": 1772933858975, "a": 3185350765, "s": "BTCUSDT", "p": "67208.40", "q": "0.007", "nq": "0.007", "f": 7401224846, "l": 7401224847, "T": 1772933858972, "m": true}}
{"local_ts": 1772933861043, "server_ts": 1772933858975, "data": {"e": "aggTrade", "E": 1772933858975, "a": 3185350766, "s": "BTCUSDT", "p": "67208.30", "q": "0.004", "nq": "0.004", "f": 7401224848, "l": 7401224849, "T": 1772933858972, "m": true}}
{"local_ts": 1772933861043, "server_ts": 1772933858975, "data": {"e": "aggTrade", "E": 1772933858975, "a": 3185350767, "s": "BTCUSDT", "p": "67208.10", "q": "0.004", "nq": "0.004", "f": 7401224850, "l": 7401224851, "T": 1772933858972, "m": true}}
{"local_ts": 1772933861043, "server_ts": 1772933858975, "data": {"e": "aggTrade", "E": 1772933858975, "a": 3185350768, "s": "BTCUSDT", "p": "67208.00", "q": "0.003", "nq": "0.003", "f": 7401224852, "l": 7401224852, "T": 1772933858972, "m": true}}
{"local_ts": 1772933861043, "server_ts": 1772933858975, "data": {"e": "aggTrade", "E": 1772933858975, "a": 3185350769, "s": "BTCUSDT", "p": "67207.90", "q": "0.002", "nq": "0.002", "f": 7401224853, "l": 7401224853, "T": 1772933858972, "m": true}}
{"local_ts": 1772933861054, "server_ts": 1772933858994, "data": {"e": "aggTrade", "E": 1772933858994, "a": 3185350770, "s": "BTCUSDT", "p": "67207.80", "q": "0.016", "nq": "0.016", "f": 7401224854, "l": 7401224858, "T": 1772933858972, "m": true}}
{"local_ts": 1772933861055, "server_ts": 1772933858997, "data": {"e": "aggTrade", "E": 1772933858997, "a": 3185350771, "s": "BTCUSDT", "p": "67207.70", "q": "0.004", "nq": "0.004", "f": 7401224859, "l": 7401224859, "T": 1772933858991, "m": true}}
{"local_ts": 1772933861055, "server_ts": 1772933858997, "data": {"e": "aggTrade", "E": 1772933858997, "a": 3185350772, "s": "BTCUSDT", "p": "67207.40", "q": "0.004", "nq": "0.004", "f": 7401224860, "l": 7401224861, "T": 1772933858994, "m": true}}
{"local_ts": 1772933861066, "server_ts": 1772933859006, "data": {"e": "aggTrade", "E": 1772933859006, "a": 3185350773, "s": "BTCUSDT", "p": "67207.10", "q": "0.012", "nq": "0.012", "f": 7401224862, "l": 7401224863, "T": 1772933858994, "m": true}}
{"local_ts": 1772933861067, "server_ts": 1772933859009, "data": {"e": "aggTrade", "E": 1772933859009, "a": 3185350774, "s": "BTCUSDT", "p": "67207.20", "q": "0.026", "nq": "0.026", "f": 7401224864, "l": 7401224864, "T": 1772933859003, "m": false}}
{"local_ts": 1772933861067, "server_ts": 1772933859009, "data": {"e": "aggTrade", "E": 1772933859009, "a": 3185350775, "s": "BTCUSDT", "p": "67207.10", "q": "0.004", "nq": "0.004", "f": 7401224865, "l": 7401224865, "T": 1772933859006, "m": true}}
{"local_ts": 1772933861068, "server_ts": 1772933859009, "data": {"e": "aggTrade", "E": 1772933859009, "a": 3185350776, "s": "BTCUSDT", "p": "67207.00", "q": "0.002", "nq": "0.002", "f": 7401224866, "l": 7401224866, "T": 1772933859006, "m": true}}
{"local_ts": 1772933861071, "server_ts": 1772933859013, "data": {"e": "aggTrade", "E": 1772933859013, "a": 3185350777, "s": "BTCUSDT", "p": "67206.70", "q": "0.002", "nq": "0.002", "f": 7401224867, "l": 7401224867, "T": 1772933859006, "m": true}}
{"local_ts": 1772933861075, "server_ts": 1772933859017, "data": {"e": "aggTrade", "E": 1772933859017, "a": 3185350778, "s": "BTCUSDT", "p": "67206.50", "q": "0.067", "nq": "0.067", "f": 7401224868, "l": 7401224871, "T": 1772933859009, "m": true}}
{"local_ts": 1772933861110, "server_ts": 1772933859045, "data": {"e": "aggTrade", "E": 1772933859045, "a": 3185350779, "s": "BTCUSDT", "p": "67206.40", "q": "0.114", "nq": "0.114", "f": 7401224872, "l": 7401224880, "T": 1772933859012, "m": true}}
{"local_ts": 1772933861110, "server_ts": 1772933859047, "data": {"e": "aggTrade", "E": 1772933859047, "a": 3185350780, "s": "BTCUSDT", "p": "67206.30", "q": "0.067", "nq": "0.067", "f": 7401224881, "l": 7401224883, "T": 1772933859041, "m": true}}
{"local_ts": 1772933861110, "server_ts": 1772933859047, "data": {"e": "aggTrade", "E": 1772933859047, "a": 3185350781, "s": "BTCUSDT", "p": "67206.20", "q": "0.006", "nq": "0.006", "f": 7401224884, "l": 7401224885, "T": 1772933859044, "m": true}}
{"local_ts": 1772933861111, "server_ts": 1772933859047, "data": {"e": "aggTrade", "E": 1772933859047, "a": 3185350782, "s": "BTCUSDT", "p": "67206.10", "q": "0.008", "nq": "0.008", "f": 7401224886, "l": 7401224888, "T": 1772933859044, "m": true}}
{"local_ts": 1772933861111, "server_ts": 1772933859047, "data": {"e": "aggTrade", "E": 1772933859047, "a": 3185350783, "s": "BTCUSDT", "p": "67205.90", "q": "0.001", "nq": "0.001", "f": 7401224889, "l": 7401224889, "T": 1772933859044, "m": true}}
{"local_ts": 1772933861111, "server_ts": 1772933859049, "data": {"e": "aggTrade", "E": 1772933859049, "a": 3185350784, "s": "BTCUSDT", "p": "67205.80", "q": "0.004", "nq": "0.004", "f": 7401224890, "l": 7401224893, "T": 1772933859044, "m": true}}
{"local_ts": 1772933861117, "server_ts": 1772933859056, "data": {"e": "aggTrade", "E": 1772933859056, "a": 3185350785, "s": "BTCUSDT", "p": "67205.60", "q": "0.026", "nq": "0.026", "f": 7401224894, "l": 7401224896, "T": 1772933859046, "m": true}}
{"local_ts": 1772933861118, "server_ts": 1772933859056, "data": {"e": "aggTrade", "E": 1772933859056, "a": 3185350786, "s": "BTCUSDT", "p": "67205.10", "q": "0.010", "nq": "0.010", "f": 7401224897, "l": 7401224899, "T": 1772933859052, "m": true}}
{"local_ts": 1772933861118, "server_ts": 1772933859056, "data": {"e": "aggTrade", "E": 1772933859056, "a": 3185350787, "s": "BTCUSDT", "p": "67205.00", "q": "0.002", "nq": "0.002", "f": 7401224900, "l": 7401224900, "T": 1772933859052, "m": true}}
{"local_ts": 1772933861118, "server_ts": 1772933859056, "data": {"e": "aggTrade", "E": 1772933859056, "a": 3185350788, "s": "BTCUSDT", "p": "67204.80", "q": "0.004", "nq": "0.004", "f": 7401224901, "l": 7401224901, "T": 1772933859052, "m": true}}
{"local_ts": 1772933861118, "server_ts": 1772933859056, "data": {"e": "aggTrade", "E": 1772933859056, "a": 3185350789, "s": "BTCUSDT", "p": "67204.70", "q": "0.004", "nq": "0.004", "f": 7401224902, "l": 7401224903, "T": 1772933859052, "m": true}}
{"local_ts": 1772933861119, "server_ts": 1772933859058, "data": {"e": "aggTrade", "E": 1772933859058, "a": 3185350790, "s": "BTCUSDT", "p": "67204.50", "q": "0.003", "nq": "0.003", "f": 7401224904, "l": 7401224905, "T": 1772933859052, "m": true}}
{"local_ts": 1772933861120, "server_ts": 1772933859061, "data": {"e": "aggTrade", "E": 1772933859061, "a": 3185350791, "s": "BTCUSDT", "p": "67204.40", "q": "0.009", "nq": "0.009", "f": 7401224906, "l": 7401224908, "T": 1772933859054, "m": true}}
{"local_ts": 1772933861256, "server_ts": 1772933859197, "data": {"e": "aggTrade", "E": 1772933859197, "a": 3185350792, "s": "BTCUSDT", "p": "67204.10", "q": "0.007", "nq": "0.007", "f": 7401224909, "l": 7401224911, "T": 1772933859057, "m": true}}
{"local_ts": 1772933861258, "server_ts": 1772933859200, "data": {"e": "aggTrade", "E": 1772933859200, "a": 3185350793, "s": "BTCUSDT", "p": "67204.20", "q": "6.705", "nq": "6.705", "f": 7401224912, "l": 7401224941, "T": 1772933859194, "m": false}}
{"local_ts": 1772933861262, "server_ts": 1772933859203, "data": {"e": "aggTrade", "E": 1772933859203, "a": 3185350794, "s": "BTCUSDT", "p": "67204.30", "q": "0.011", "nq": "0.011", "f": 7401224942, "l": 7401224947, "T": 1772933859197, "m": false}}
{"local_ts": 1772933861263, "server_ts": 1772933859203, "data": {"e": "aggTrade", "E": 1772933859203, "a": 3185350795, "s": "BTCUSDT", "p": "67204.40", "q": "0.302", "nq": "0.302", "f": 7401224948, "l": 7401224950, "T": 1772933859198, "m": false}}
{"local_ts": 1772933861263, "server_ts": 1772933859204, "data": {"e": "aggTrade", "E": 1772933859204, "a": 3185350796, "s": "BTCUSDT", "p": "67204.50", "q": "0.003", "nq": "0.003", "f": 7401224951, "l": 7401224951, "T": 1772933859198, "m": false}}
{"local_ts": 1772933861263, "server_ts": 1772933859204, "data": {"e": "aggTrade", "E": 1772933859204, "a": 3185350797, "s": "BTCUSDT", "p": "67204.60", "q": "0.001", "nq": "0.001", "f": 7401224952, "l": 7401224952, "T": 1772933859198, "m": false}}
{"local_ts": 1772933861263, "server_ts": 1772933859204, "data": {"e": "aggTrade", "E": 1772933859204, "a": 3185350798, "s": "BTCUSDT", "p": "67205.00", "q": "0.004", "nq": "0.004", "f": 7401224953, "l": 7401224954, "T": 1772933859198, "m": false}}
{"local_ts": 1772933861264, "server_ts": 1772933859204, "data": {"e": "aggTrade", "E": 1772933859204, "a": 3185350799, "s": "BTCUSDT", "p": "67205.10", "q": "0.300", "nq": "0.300", "f": 7401224955, "l": 7401224955, "T": 1772933859198, "m": false}}
{"local_ts": 1772933861268, "server_ts": 1772933859207, "data": {"e": "aggTrade", "E": 1772933859207, "a": 3185350800, "s": "BTCUSDT", "p": "67205.30", "q": "0.001", "nq": "0.001", "f": 7401224956, "l": 7401224956, "T": 1772933859198, "m": false}}
{"local_ts": 1772933861269, "server_ts": 1772933859207, "data": {"e": "aggTrade", "E": 1772933859207, "a": 3185350801, "s": "BTCUSDT", "p": "67205.50", "q": "0.002", "nq": "0.002", "f": 7401224957, "l": 7401224957, "T": 1772933859202, "m": false}}
{"local_ts": 1772933861303, "server_ts": 1772933859244, "data": {"e": "aggTrade", "E": 1772933859244, "a": 3185350802, "s": "BTCUSDT", "p": "67205.70", "q": "0.004", "nq": "0.004", "f": 7401224958, "l": 7401224958, "T": 1772933859202, "m": false}}
{"local_ts": 1772933861307, "server_ts": 1772933859249, "data": {"e": "aggTrade", "E": 1772933859249, "a": 3185350803, "s": "BTCUSDT", "p": "67205.80", "q": "0.031", "nq": "0.031", "f": 7401224959, "l": 7401224961, "T": 1772933859242, "m": false}}
{"local_ts": 1772933861311, "server_ts": 1772933859253, "data": {"e": "aggTrade", "E": 1772933859253, "a": 3185350804, "s": "BTCUSDT", "p": "67206.10", "q": "0.004", "nq": "0.004", "f": 7401224962, "l": 7401224963, "T": 1772933859245, "m": false}}
{"local_ts": 1772933861316, "server_ts": 1772933859257, "data": {"e": "aggTrade", "E": 1772933859257, "a": 3185350805, "s": "BTCUSDT", "p": "67206.20", "q": "0.035", "nq": "0.035", "f": 7401224964, "l": 7401224966, "T": 1772933859250, "m": false}}
{"local_ts": 1772933861342, "server_ts": 1772933859285, "data": {"e": "aggTrade", "E": 1772933859285, "a": 3185350806, "s": "BTCUSDT", "p": "67206.30", "q": "0.006", "nq": "0.006", "f": 7401224967, "l": 7401224968, "T": 1772933859253, "m": false}}
{"local_ts": 1772933861343, "server_ts": 1772933859285, "data": {"e": "aggTrade", "E": 1772933859285, "a": 3185350807, "s": "BTCUSDT", "p": "67206.40", "q": "0.004", "nq": "0.004", "f": 7401224969, "l": 7401224969, "T": 1772933859281, "m": false}}
{"local_ts": 1772933861343, "server_ts": 1772933859285, "data": {"e": "aggTrade", "E": 1772933859285, "a": 3185350808, "s": "BTCUSDT", "p": "67206.60", "q": "0.002", "nq": "0.002", "f": 7401224970, "l": 7401224970, "T": 1772933859281, "m": false}}
{"local_ts": 1772933861344, "server_ts": 1772933859285, "data": {"e": "aggTrade", "E": 1772933859285, "a": 3185350809, "s": "BTCUSDT", "p": "67206.80", "q": "0.002", "nq": "0.002", "f": 7401224971, "l": 7401224971, "T": 1772933859281, "m": false}}
{"local_ts": 1772933861344, "server_ts": 1772933859285, "data": {"e": "aggTrade", "E": 1772933859285, "a": 3185350810, "s": "BTCUSDT", "p": "67207.20", "q": "0.002", "nq": "0.002", "f": 7401224972, "l": 7401224972, "T": 1772933859281, "m": false}}
{"local_ts": 1772933861344, "server_ts": 1772933859285, "data": {"e": "aggTrade", "E": 1772933859285, "a": 3185350811, "s": "BTCUSDT", "p": "67207.30", "q": "0.001", "nq": "0.001", "f": 7401224973, "l": 7401224973, "T": 1772933859281, "m": false}}
{"local_ts": 1772933861351, "server_ts": 1772933859291, "data": {"e": "aggTrade", "E": 1772933859291, "a": 3185350812, "s": "BTCUSDT", "p": "67207.50", "q": "0.004", "nq": "0.004", "f": 7401224974, "l": 7401224974, "T": 1772933859282, "m": false}}
{"local_ts": 1772933861351, "server_ts": 1772933859291, "data": {"e": "aggTrade", "E": 1772933859291, "a": 3185350813, "s": "BTCUSDT", "p": "67207.80", "q": "0.002", "nq": "0.002", "f": 7401224975, "l": 7401224975, "T": 1772933859289, "m": false}}
{"local_ts": 1772933861352, "server_ts": 1772933859291, "data": {"e": "aggTrade", "E": 1772933859291, "a": 3185350814, "s": "BTCUSDT", "p": "67207.90", "q": "0.002", "nq": "0.002", "f": 7401224976, "l": 7401224976, "T": 1772933859289, "m": false}}
{"local_ts": 1772933861353, "server_ts": 1772933859295, "data": {"e": "aggTrade", "E": 1772933859295, "a": 3185350815, "s": "BTCUSDT", "p": "67208.00", "q": "0.004", "nq": "0.004", "f": 7401224977, "l": 7401224977, "T": 1772933859289, "m": false}}
{"local_ts": 1772933861353, "server_ts": 1772933859295, "data": {"e": "aggTrade", "E": 1772933859295, "a": 3185350816, "s": "BTCUSDT", "p": "67208.60", "q": "0.140", "nq": "0.140", "f": 7401224978, "l": 7401224980, "T": 1772933859291, "m": false}}
{"local_ts": 1772933861354, "server_ts": 1772933859295, "data": {"e": "aggTrade", "E": 1772933859295, "a": 3185350817, "s": "BTCUSDT", "p": "67208.80", "q": "0.072", "nq": "0.072", "f": 7401224981, "l": 7401224988, "T": 1772933859291, "m": false}}
{"local_ts": 1772933861354, "server_ts": 1772933859295, "data": {"e": "aggTrade", "E": 1772933859295, "a": 3185350818, "s": "BTCUSDT", "p": "67208.90", "q": "0.002", "nq": "0.002", "f": 7401224989, "l": 7401224989, "T": 1772933859291, "m": false}}
{"local_ts": 1772933861354, "server_ts": 1772933859295, "data": {"e": "aggTrade", "E": 1772933859295, "a": 3185350819, "s": "BTCUSDT", "p": "67209.00", "q": "0.002", "nq": "0.002", "f": 7401224990, "l": 7401224990, "T": 1772933859291, "m": false}}
{"local_ts": 1772933861354, "server_ts": 1772933859296, "data": {"e": "aggTrade", "E": 1772933859296, "a": 3185350820, "s": "BTCUSDT", "p": "67209.30", "q": "0.006", "nq": "0.006", "f": 7401224991, "l": 7401224992, "T": 1772933859291, "m": false}}
{"local_ts": 1772933861355, "server_ts": 1772933859296, "data": {"e": "aggTrade", "E": 1772933859296, "a": 3185350821, "s": "BTCUSDT", "p": "67209.50", "q": "0.002", "nq": "0.002", "f": 7401224993, "l": 7401224993, "T": 1772933859292, "m": false}}
{"local_ts": 1772933861359, "server_ts": 1772933859300, "data": {"e": "aggTrade", "E": 1772933859300, "a": 3185350822, "s": "BTCUSDT", "p": "67209.60", "q": "0.001", "nq": "0.001", "f": 7401224994, "l": 7401224994, "T": 1772933859292, "m": false}}
{"local_ts": 1772933861359, "server_ts": 1772933859300, "data": {"e": "aggTrade", "E": 1772933859300, "a": 3185350823, "s": "BTCUSDT", "p": "67210.00", "q": "0.002", "nq": "0.002", "f": 7401224995, "l": 7401224995, "T": 1772933859296, "m": false}}
{"local_ts": 1772933861360, "server_ts": 1772933859300, "data": {"e": "aggTrade", "E": 1772933859300, "a": 3185350824, "s": "BTCUSDT", "p": "67210.10", "q": "0.002", "nq": "0.002", "f": 7401224996, "l": 7401224996, "T": 1772933859296, "m": false}}
{"local_ts": 1772933861360, "server_ts": 1772933859300, "data": {"e": "aggTrade", "E": 1772933859300, "a": 3185350825, "s": "BTCUSDT", "p": "67210.60", "q": "0.002", "nq": "0.002", "f": 7401224997, "l": 7401224997, "T": 1772933859296, "m": false}}
{"local_ts": 1772933861362, "server_ts": 1772933859304, "data": {"e": "aggTrade", "E": 1772933859304, "a": 3185350826, "s": "BTCUSDT", "p": "67210.80", "q": "0.004", "nq": "0.004", "f": 7401224998, "l": 7401224998, "T": 1772933859296, "m": false}}
{"local_ts": 1772933861362, "server_ts": 1772933859304, "data": {"e": "aggTrade", "E": 1772933859304, "a": 3185350827, "s": "BTCUSDT", "p": "67211.00", "q": "0.003", "nq": "0.003", "f": 7401224999, "l": 7401224999, "T": 1772933859299, "m": false}}
{"local_ts": 1772933861514, "server_ts": 1772933859455, "data": {"e": "aggTrade", "E": 1772933859455, "a": 3185350828, "s": "BTCUSDT", "p": "67211.20", "q": "0.002", "nq": "0.002", "f": 7401225000, "l": 7401225000, "T": 1772933859299, "m": false}}
{"local_ts": 1772933861686, "server_ts": 1772933859628, "data": {"e": "aggTrade", "E": 1772933859628, "a": 3185350829, "s": "BTCUSDT", "p": "67211.30", "q": "0.030", "nq": "0.030", "f": 7401225001, "l": 7401225001, "T": 1772933859475, "m": true}}
{"local_ts": 1772933861949, "server_ts": 1772933859886, "data": {"e": "aggTrade", "E": 1772933859886, "a": 3185350830, "s": "BTCUSDT", "p": "67211.30", "q": "0.065", "nq": "0.065", "f": 7401225002, "l": 7401225002, "T": 1772933859843, "m": true}}
{"local_ts": 1772933862096, "server_ts": 1772933860037, "data": {"e": "aggTrade", "E": 1772933860037, "a": 3185350831, "s": "BTCUSDT", "p": "67211.40", "q": "0.025", "nq": "0.025", "f": 7401225003, "l": 7401225003, "T": 1772933859883, "m": false}}
{"local_ts": 1772933862314, "server_ts": 1772933860255, "data": {"e": "aggTrade", "E": 1772933860255, "a": 3185350832, "s": "BTCUSDT", "p": "67211.40", "q": "0.022", "nq": "0.022", "f": 7401225004, "l": 7401225004, "T": 1772933860103, "m": false}}
{"local_ts": 1772933862822, "server_ts": 1772933860763, "data": {"e": "aggTrade", "E": 1772933860763, "a": 3185350833, "s": "BTCUSDT", "p": "67211.40", "q": "0.076", "nq": "0.076", "f": 7401225005, "l": 7401225012, "T": 1772933860610, "m": false}}
{"local_ts": 1772933863159, "server_ts": 1772933861099, "data": {"e": "aggTrade", "E": 1772933861099, "a": 3185350834, "s": "BTCUSDT", "p": "67211.40", "q": "0.005", "nq": "0.005", "f": 7401225013, "l": 7401225013, "T": 1772933860960, "m": false}}
{"local_ts": 1772933863267, "server_ts": 1772933861208, "data": {"e": "aggTrade", "E": 1772933861208, "a": 3185350835, "s": "BTCUSDT", "p": "67211.30", "q": "0.248", "nq": "0.248", "f": 7401225014, "l": 7401225014, "T": 1772933861097, "m": true}}
{"local_ts": 1772933863274, "server_ts": 1772933861215, "data": {"e": "aggTrade", "E": 1772933861215, "a": 3185350836, "s": "BTCUSDT", "p": "67211.40", "q": "0.013", "nq": "0.013", "f": 7401225015, "l": 7401225015, "T": 1772933861205, "m": false}}
{"local_ts": 1772933863427, "server_ts": 1772933861366, "data": {"e": "aggTrade", "E": 1772933861366, "a": 3185350837, "s": "BTCUSDT", "p": "67211.30", "q": "0.006", "nq": "0.006", "f": 7401225016, "l": 7401225016, "T": 1772933861213, "m": true}}
{"local_ts": 1772933863699, "server_ts": 1772933861640, "data": {"e": "aggTrade", "E": 1772933861640, "a": 3185350838, "s": "BTCUSDT", "p": "67211.30", "q": "0.100", "nq": "0.100", "f": 7401225017, "l": 7401225017, "T": 1772933861486, "m": true}}
{"local_ts": 1772933863795, "server_ts": 1772933861736, "data": {"e": "aggTrade", "E": 1772933861736, "a": 3185350839, "s": "BTCUSDT", "p": "67211.30", "q": "0.017", "nq": "0.017", "f": 7401225018, "l": 7401225018, "T": 1772933861641, "m": true}}
{"local_ts": 1772933863799, "server_ts": 1772933861740, "data": {"e": "aggTrade", "E": 1772933861740, "a": 3185350840, "s": "BTCUSDT", "p": "67211.40", "q": "0.120", "nq": "0.120", "f": 7401225019, "l": 7401225026, "T": 1772933861733, "m": false}}
{"local_ts": 1772933863800, "server_ts": 1772933861740, "data": {"e": "aggTrade", "E": 1772933861740, "a": 3185350841, "s": "BTCUSDT", "p": "67211.60", "q": "0.006", "nq": "0.006", "f": 7401225027, "l": 7401225028, "T": 1772933861736, "m": false}}
{"local_ts": 1772933863800, "server_ts": 1772933861740, "data": {"e": "aggTrade", "E": 1772933861740, "a": 3185350842, "s": "BTCUSDT", "p": "67212.00", "q": "0.002", "nq": "0.002", "f": 7401225029, "l": 7401225029, "T": 1772933861736, "m": false}}
{"local_ts": 1772933863800, "server_ts": 1772933861740, "data": {"e": "aggTrade", "E": 1772933861740, "a": 3185350843, "s": "BTCUSDT", "p": "67212.20", "q": "0.002", "nq": "0.002", "f": 7401225030, "l": 7401225030, "T": 1772933861736, "m": false}}
{"local_ts": 1772933863803, "server_ts": 1772933861744, "data": {"e": "aggTrade", "E": 1772933861744, "a": 3185350844, "s": "BTCUSDT", "p": "67212.50", "q": "0.003", "nq": "0.003", "f": 7401225031, "l": 7401225032, "T": 1772933861736, "m": false}}
{"local_ts": 1772933863804, "server_ts": 1772933861744, "data": {"e": "aggTrade", "E": 1772933861744, "a": 3185350845, "s": "BTCUSDT", "p": "67212.60", "q": "0.041", "nq": "0.041", "f": 7401225033, "l": 7401225035, "T": 1772933861743, "m": false}}
{"local_ts": 1772933863806, "server_ts": 1772933861747, "data": {"e": "aggTrade", "E": 1772933861747, "a": 3185350846, "s": "BTCUSDT", "p": "67212.70", "q": "0.004", "nq": "0.004", "f": 7401225036, "l": 7401225037, "T": 1772933861743, "m": false}}
{"local_ts": 1772933863806, "server_ts": 1772933861747, "data": {"e": "aggTrade", "E": 1772933861747, "a": 3185350847, "s": "BTCUSDT", "p": "67212.90", "q": "0.004", "nq": "0.004", "f": 7401225038, "l": 7401225039, "T": 1772933861745, "m": false}}
{"local_ts": 1772933863807, "server_ts": 1772933861747, "data": {"e": "aggTrade", "E": 1772933861747, "a": 3185350848, "s": "BTCUSDT", "p": "67213.00", "q": "0.002", "nq": "0.002", "f": 7401225040, "l": 7401225040, "T": 1772933861745, "m": false}}
{"local_ts": 1772933863807, "server_ts": 1772933861747, "data": {"e": "aggTrade", "E": 1772933861747, "a": 3185350849, "s": "BTCUSDT", "p": "67213.10", "q": "0.004", "nq": "0.004", "f": 7401225041, "l": 7401225041, "T": 1772933861745, "m": false}}
{"local_ts": 1772933863807, "server_ts": 1772933861747, "data": {"e": "aggTrade", "E": 1772933861747, "a": 3185350850, "s": "BTCUSDT", "p": "67213.30", "q": "0.002", "nq": "0.002", "f": 7401225042, "l": 7401225042, "T": 1772933861745, "m": false}}
{"local_ts": 1772933863807, "server_ts": 1772933861747, "data": {"e": "aggTrade", "E": 1772933861747, "a": 3185350851, "s": "BTCUSDT", "p": "67213.50", "q": "0.001", "nq": "0.001", "f": 7401225043, "l": 7401225043, "T": 1772933861745, "m": false}}
{"local_ts": 1772933863808, "server_ts": 1772933861747, "data": {"e": "aggTrade", "E": 1772933861747, "a": 3185350852, "s": "BTCUSDT", "p": "67213.60", "q": "0.003", "nq": "0.003", "f": 7401225044, "l": 7401225044, "T": 1772933861745, "m": false}}
{"local_ts": 1772933863808, "server_ts": 1772933861747, "data": {"e": "aggTrade", "E": 1772933861747, "a": 3185350853, "s": "BTCUSDT", "p": "67213.70", "q": "0.004", "nq": "0.004", "f": 7401225045, "l": 7401225045, "T": 1772933861745, "m": false}}
{"local_ts": 1772933863808, "server_ts": 1772933861747, "data": {"e": "aggTrade", "E": 1772933861747, "a": 3185350854, "s": "BTCUSDT", "p": "67213.80", "q": "0.004", "nq": "0.004", "f": 7401225046, "l": 7401225047, "T": 1772933861745, "m": false}}
{"local_ts": 1772933863811, "server_ts": 1772933861752, "data": {"e": "aggTrade", "E": 1772933861752, "a": 3185350855, "s": "BTCUSDT", "p": "67213.90", "q": "0.001", "nq": "0.001", "f": 7401225048, "l": 7401225048, "T": 1772933861745, "m": false}}
{"local_ts": 1772933863964, "server_ts": 1772933861903, "data": {"e": "aggTrade", "E": 1772933861903, "a": 3185350856, "s": "BTCUSDT", "p": "67214.60", "q": "0.028", "nq": "0.028", "f": 7401225049, "l": 7401225051, "T": 1772933861748, "m": false}}
{"local_ts": 1772933864210, "server_ts": 1772933862151, "data": {"e": "aggTrade", "E": 1772933862151, "a": 3185350857, "s": "BTCUSDT", "p": "67214.60", "q": "0.001", "nq": "0.001", "f": 7401225052, "l": 7401225052, "T": 1772933861998, "m": false}}
{"local_ts": 1772933864552, "server_ts": 1772933862494, "data": {"e": "aggTrade", "E": 1772933862494, "a": 3185350858, "s": "BTCUSDT", "p": "67214.50", "q": "0.070", "nq": "0.070", "f": 7401225053, "l": 7401225053, "T": 1772933862342, "m": true}}
{"local_ts": 1772933864747, "server_ts": 1772933862688, "data": {"e": "aggTrade", "E": 1772933862688, "a": 3185350859, "s": "BTCUSDT", "p": "67214.50", "q": "0.002", "nq": "0.002", "f": 7401225054, "l": 7401225054, "T": 1772933862666, "m": true}}
{"local_ts": 1772933864879, "server_ts": 1772933862821, "data": {"e": "aggTrade", "E": 1772933862821, "a": 3185350860, "s": "BTCUSDT", "p": "67214.60", "q": "0.002", "nq": "0.002", "f": 7401225055, "l": 7401225055, "T": 1772933862687, "m": false}}
{"local_ts": 1772933864880, "server_ts": 1772933862821, "data": {"e": "aggTrade", "E": 1772933862821, "a": 3185350861, "s": "BTCUSDT", "p": "67214.50", "q": "1.045", "nq": "1.045", "f": 7401225056, "l": 7401225066, "T": 1772933862816, "m": true}}
{"local_ts": 1772933864880, "server_ts": 1772933862821, "data": {"e": "aggTrade", "E": 1772933862821, "a": 3185350862, "s": "BTCUSDT", "p": "67214.40", "q": "0.006", "nq": "0.006", "f": 7401225067, "l": 7401225067, "T": 1772933862816, "m": true}}
{"local_ts": 1772933864880, "server_ts": 1772933862821, "data": {"e": "aggTrade", "E": 1772933862821, "a": 3185350863, "s": "BTCUSDT", "p": "67214.10", "q": "0.002", "nq": "0.002", "f": 7401225068, "l": 7401225068, "T": 1772933862816, "m": true}}
{"local_ts": 1772933864881, "server_ts": 1772933862821, "data": {"e": "aggTrade", "E": 1772933862821, "a": 3185350864, "s": "BTCUSDT", "p": "67214.00", "q": "0.002", "nq": "0.002", "f": 7401225069, "l": 7401225069, "T": 1772933862816, "m": true}}
{"local_ts": 1772933864881, "server_ts": 1772933862821, "data": {"e": "aggTrade", "E": 1772933862821, "a": 3185350865, "s": "BTCUSDT", "p": "67213.90", "q": "0.074", "nq": "0.074", "f": 7401225070, "l": 7401225070, "T": 1772933862816, "m": true}}
{"local_ts": 1772933864881, "server_ts": 1772933862821, "data": {"e": "aggTrade", "E": 1772933862821, "a": 3185350866, "s": "BTCUSDT", "p": "67213.80", "q": "0.469", "nq": "0.469", "f": 7401225071, "l": 7401225072, "T": 1772933862816, "m": true}}
{"local_ts": 1772933864881, "server_ts": 1772933862821, "data": {"e": "aggTrade", "E": 1772933862821, "a": 3185350867, "s": "BTCUSDT", "p": "67213.70", "q": "0.011", "nq": "0.011", "f": 7401225073, "l": 7401225074, "T": 1772933862816, "m": true}}
{"local_ts": 1772933864881, "server_ts": 1772933862821, "data": {"e": "aggTrade", "E": 1772933862821, "a": 3185350868, "s": "BTCUSDT", "p": "67213.60", "q": "0.007", "nq": "0.007", "f": 7401225075, "l": 7401225076, "T": 1772933862816, "m": true}}
{"local_ts": 1772933864881, "server_ts": 1772933862821, "data": {"e": "aggTrade", "E": 1772933862821, "a": 3185350869, "s": "BTCUSDT", "p": "67213.40", "q": "0.004", "nq": "0.004", "f": 7401225077, "l": 7401225078, "T": 1772933862816, "m": true}}
{"local_ts": 1772933864882, "server_ts": 1772933862821, "data": {"e": "aggTrade", "E": 1772933862821, "a": 3185350870, "s": "BTCUSDT", "p": "67213.10", "q": "0.003", "nq": "0.003", "f": 7401225079, "l": 7401225080, "T": 1772933862816, "m": true}}
{"local_ts": 1772933864882, "server_ts": 1772933862821, "data": {"e": "aggTrade", "E": 1772933862821, "a": 3185350871, "s": "BTCUSDT", "p": "67213.00", "q": "0.006", "nq": "0.006", "f": 7401225081, "l": 7401225082, "T": 1772933862816, "m": true}}
{"local_ts": 1772933864882, "server_ts": 1772933862821, "data": {"e": "aggTrade", "E": 1772933862821, "a": 3185350872, "s": "BTCUSDT", "p": "67212.60", "q": "0.003", "nq": "0.003", "f": 7401225083, "l": 7401225084, "T": 1772933862816, "m": true}}
{"local_ts": 1772933864882, "server_ts": 1772933862821, "data": {"e": "aggTrade", "E": 1772933862821, "a": 3185350873, "s": "BTCUSDT", "p": "67212.50", "q": "0.105", "nq": "0.105", "f": 7401225085, "l": 7401225086, "T": 1772933862816, "m": true}}
{"local_ts": 1772933864882, "server_ts": 1772933862821, "data": {"e": "aggTrade", "E": 1772933862821, "a": 3185350874, "s": "BTCUSDT", "p": "67212.40", "q": "0.005", "nq": "0.005", "f": 7401225087, "l": 7401225088, "T": 1772933862816, "m": true}}
{"local_ts": 1772933864883, "server_ts": 1772933862821, "data": {"e": "aggTrade", "E": 1772933862821, "a": 3185350875, "s": "BTCUSDT", "p": "67212.20", "q": "0.009", "nq": "0.009", "f": 7401225089, "l": 7401225089, "T": 1772933862816, "m": true}}
{"local_ts": 1772933864883, "server_ts": 1772933862821, "data": {"e": "aggTrade", "E": 1772933862821, "a": 3185350876, "s": "BTCUSDT", "p": "67212.00", "q": "0.002", "nq": "0.002", "f": 7401225090, "l": 7401225090, "T": 1772933862816, "m": true}}
{"local_ts": 1772933864883, "server_ts": 1772933862821, "data": {"e": "aggTrade", "E": 1772933862821, "a": 3185350877, "s": "BTCUSDT", "p": "67211.80", "q": "0.020", "nq": "0.020", "f": 7401225091, "l": 7401225094, "T": 1772933862816, "m": true}}
{"local_ts": 1772933864883, "server_ts": 1772933862821, "data": {"e": "aggTrade", "E": 1772933862821, "a": 3185350878, "s": "BTCUSDT", "p": "67211.60", "q": "0.002", "nq": "0.002", "f": 7401225095, "l": 7401225095, "T": 1772933862816, "m": true}}
{"local_ts": 1772933864884, "server_ts": 1772933862824, "data": {"e": "aggTrade", "E": 1772933862824, "a": 3185350879, "s": "BTCUSDT", "p": "67211.50", "q": "0.003", "nq": "0.003", "f": 7401225096, "l": 7401225096, "T": 1772933862816, "m": true}}
{"local_ts": 1772933864884, "server_ts": 1772933862824, "data": {"e": "aggTrade", "E": 1772933862824, "a": 3185350880, "s": "BTCUSDT", "p": "67211.40", "q": "0.030", "nq": "0.030", "f": 7401225097, "l": 7401225098, "T": 1772933862818, "m": true}}
{"local_ts": 1772933864884, "server_ts": 1772933862825, "data": {"e": "aggTrade", "E": 1772933862825, "a": 3185350881, "s": "BTCUSDT", "p": "67211.30", "q": "0.275", "nq": "0.275", "f": 7401225099, "l": 7401225105, "T": 1772933862818, "m": true}}
{"local_ts": 1772933864884, "server_ts": 1772933862825, "data": {"e": "aggTrade", "E": 1772933862825, "a": 3185350882, "s": "BTCUSDT", "p": "67211.10", "q": "0.150", "nq": "0.150", "f": 7401225106, "l": 7401225107, "T": 1772933862819, "m": true}}
{"local_ts": 1772933864885, "server_ts": 1772933862825, "data": {"e": "aggTrade", "E": 1772933862825, "a": 3185350883, "s": "BTCUSDT", "p": "67210.90", "q": "0.002", "nq": "0.002", "f": 7401225108, "l": 7401225108, "T": 1772933862819, "m": true}}
{"local_ts": 1772933864885, "server_ts": 1772933862825, "data": {"e": "aggTrade", "E": 1772933862825, "a": 3185350884, "s": "BTCUSDT", "p": "67210.70", "q": "0.001", "nq": "0.001", "f": 7401225109, "l": 7401225109, "T": 1772933862819, "m": true}}
{"local_ts": 1772933864885, "server_ts": 1772933862825, "data": {"e": "aggTrade", "E": 1772933862825, "a": 3185350885, "s": "BTCUSDT", "p": "67210.60", "q": "0.004", "nq": "0.004", "f": 7401225110, "l": 7401225110, "T": 1772933862819, "m": true}}
{"local_ts": 1772933864885, "server_ts": 1772933862825, "data": {"e": "aggTrade", "E": 1772933862825, "a": 3185350886, "s": "BTCUSDT", "p": "67210.50", "q": "0.002", "nq": "0.002", "f": 7401225111, "l": 7401225111, "T": 1772933862819, "m": true}}
{"local_ts": 1772933864885, "server_ts": 1772933862825, "data": {"e": "aggTrade", "E": 1772933862825, "a": 3185350887, "s": "BTCUSDT", "p": "67210.40", "q": "0.001", "nq": "0.001", "f": 7401225112, "l": 7401225112, "T": 1772933862819, "m": true}}
{"local_ts": 1772933864886, "server_ts": 1772933862825, "data": {"e": "aggTrade", "E": 1772933862825, "a": 3185350888, "s": "BTCUSDT", "p": "67210.20", "q": "0.001", "nq": "0.001", "f": 7401225113, "l": 7401225113, "T": 1772933862819, "m": true}}
{"local_ts": 1772933864886, "server_ts": 1772933862825, "data": {"e": "aggTrade", "E": 1772933862825, "a": 3185350889, "s": "BTCUSDT", "p": "67210.00", "q": "0.007", "nq": "0.007", "f": 7401225114, "l": 7401225115, "T": 1772933862819, "m": true}}
{"local_ts": 1772933864896, "server_ts": 1772933862837, "data": {"e": "aggTrade", "E": 1772933862837, "a": 3185350890, "s": "BTCUSDT", "p": "67209.90", "q": "0.403", "nq": "0.403", "f": 7401225116, "l": 7401225117, "T": 1772933862819, "m": true}}
{"local_ts": 1772933864897, "server_ts": 1772933862837, "data": {"e": "aggTrade", "E": 1772933862837, "a": 3185350891, "s": "BTCUSDT", "p": "67209.80", "q": "0.016", "nq": "0.016", "f": 7401225118, "l": 7401225122, "T": 1772933862831, "m": true}}
{"local_ts": 1772933864897, "server_ts": 1772933862837, "data": {"e": "aggTrade", "E": 1772933862837, "a": 3185350892, "s": "BTCUSDT", "p": "67209.70", "q": "0.009", "nq": "0.009", "f": 7401225123, "l": 7401225124, "T": 1772933862833, "m": true}}
{"local_ts": 1772933864898, "server_ts": 1772933862837, "data": {"e": "aggTrade", "E": 1772933862837, "a": 3185350893, "s": "BTCUSDT", "p": "67209.60", "q": "0.002", "nq": "0.002", "f": 7401225125, "l": 7401225125, "T": 1772933862833, "m": true}}
{"local_ts": 1772933864948, "server_ts": 1772933862889, "data": {"e": "aggTrade", "E": 1772933862889, "a": 3185350894, "s": "BTCUSDT", "p": "67209.50", "q": "0.004", "nq": "0.004", "f": 7401225126, "l": 7401225127, "T": 1772933862833, "m": true}}
{"local_ts": 1772933864950, "server_ts": 1772933862892, "data": {"e": "aggTrade", "E": 1772933862892, "a": 3185350895, "s": "BTCUSDT", "p": "67209.10", "q": "0.037", "nq": "0.037", "f": 7401225128, "l": 7401225132, "T": 1772933862886, "m": true}}
{"local_ts": 1772933864951, "server_ts": 1772933862892, "data": {"e": "aggTrade", "E": 1772933862892, "a": 3185350896, "s": "BTCUSDT", "p": "67209.00", "q": "0.005", "nq": "0.005", "f": 7401225133, "l": 7401225134, "T": 1772933862888, "m": true}}
{"local_ts": 1772933864951, "server_ts": 1772933862892, "data": {"e": "aggTrade", "E": 1772933862892, "a": 3185350897, "s": "BTCUSDT", "p": "67208.90", "q": "0.009", "nq": "0.009", "f": 7401225135, "l": 7401225142, "T": 1772933862889, "m": true}}
{"local_ts": 1772933864951, "server_ts": 1772933862892, "data": {"e": "aggTrade", "E": 1772933862892, "a": 3185350898, "s": "BTCUSDT", "p": "67208.60", "q": "0.013", "nq": "0.013", "f": 7401225143, "l": 7401225143, "T": 1772933862889, "m": true}}
{"local_ts": 1772933864956, "server_ts": 1772933862897, "data": {"e": "aggTrade", "E": 1772933862897, "a": 3185350899, "s": "BTCUSDT", "p": "67208.50", "q": "0.002", "nq": "0.002", "f": 7401225144, "l": 7401225144, "T": 1772933862889, "m": true}}
{"local_ts": 1772933864956, "server_ts": 1772933862899, "data": {"e": "aggTrade", "E": 1772933862899, "a": 3185350900, "s": "BTCUSDT", "p": "67208.40", "q": "0.009", "nq": "0.009", "f": 7401225145, "l": 7401225146, "T": 1772933862893, "m": true}}
{"local_ts": 1772933864989, "server_ts": 1772933862929, "data": {"e": "aggTrade", "E": 1772933862929, "a": 3185350901, "s": "BTCUSDT", "p": "67208.30", "q": "0.007", "nq": "0.007", "f": 7401225147, "l": 7401225149, "T": 1772933862895, "m": true}}
{"local_ts": 1772933864989, "server_ts": 1772933862931, "data": {"e": "aggTrade", "E": 1772933862931, "a": 3185350902, "s": "BTCUSDT", "p": "67208.40", "q": "0.003", "nq": "0.003", "f": 7401225150, "l": 7401225150, "T": 1772933862927, "m": false}}
{"local_ts": 1772933865000, "server_ts": 1772933862942, "data": {"e": "aggTrade", "E": 1772933862942, "a": 3185350903, "s": "BTCUSDT", "p": "67208.30", "q": "0.015", "nq": "0.015", "f": 7401225151, "l": 7401225151, "T": 1772933862928, "m": true}}
{"local_ts": 1772933865059, "server_ts": 1772933863000, "data": {"e": "aggTrade", "E": 1772933863000, "a": 3185350904, "s": "BTCUSDT", "p": "67208.40", "q": "0.008", "nq": "0.008", "f": 7401225152, "l": 7401225152, "T": 1772933862939, "m": false}}
{"local_ts": 1772933865060, "server_ts": 1772933863000, "data": {"e": "aggTrade", "E": 1772933863000, "a": 3185350905, "s": "BTCUSDT", "p": "67208.30", "q": "0.017", "nq": "0.017", "f": 7401225153, "l": 7401225155, "T": 1772933862997, "m": true}}
{"local_ts": 1772933865060, "server_ts": 1772933863000, "data": {"e": "aggTrade", "E": 1772933863000, "a": 3185350906, "s": "BTCUSDT", "p": "67208.20", "q": "0.002", "nq": "0.002", "f": 7401225156, "l": 7401225156, "T": 1772933862997, "m": true}}
{"local_ts": 1772933865064, "server_ts": 1772933863005, "data": {"e": "aggTrade", "E": 1772933863005, "a": 3185350907, "s": "BTCUSDT", "p": "67208.10", "q": "0.006", "nq": "0.006", "f": 7401225157, "l": 7401225159, "T": 1772933862997, "m": true}}
{"local_ts": 1772933865067, "server_ts": 1772933863009, "data": {"e": "aggTrade", "E": 1772933863009, "a": 3185350908, "s": "BTCUSDT", "p": "67207.90", "q": "0.010", "nq": "0.010", "f": 7401225160, "l": 7401225161, "T": 1772933863002, "m": true}}
{"local_ts": 1772933865133, "server_ts": 1772933863074, "data": {"e": "aggTrade", "E": 1772933863074, "a": 3185350909, "s": "BTCUSDT", "p": "67207.80", "q": "0.089", "nq": "0.089", "f": 7401225162, "l": 7401225167, "T": 1772933863005, "m": true}}
{"local_ts": 1772933865141, "server_ts": 1772933863082, "data": {"e": "aggTrade", "E": 1772933863082, "a": 3185350910, "s": "BTCUSDT", "p": "67207.70", "q": "0.008", "nq": "0.008", "f": 7401225168, "l": 7401225170, "T": 1772933863070, "m": true}}
{"local_ts": 1772933865142, "server_ts": 1772933863082, "data": {"e": "aggTrade", "E": 1772933863082, "a": 3185350911, "s": "BTCUSDT", "p": "67207.10", "q": "0.002", "nq": "0.002", "f": 7401225171, "l": 7401225171, "T": 1772933863079, "m": true}}
{"local_ts": 1772933865142, "server_ts": 1772933863082, "data": {"e": "aggTrade", "E": 1772933863082, "a": 3185350912, "s": "BTCUSDT", "p": "67206.70", "q": "0.001", "nq": "0.001", "f": 7401225172, "l": 7401225172, "T": 1772933863079, "m": true}}
{"local_ts": 1772933865142, "server_ts": 1772933863083, "data": {"e": "aggTrade", "E": 1772933863083, "a": 3185350913, "s": "BTCUSDT", "p": "67206.40", "q": "0.001", "nq": "0.001", "f": 7401225173, "l": 7401225173, "T": 1772933863079, "m": true}}
{"local_ts": 1772933865143, "server_ts": 1772933863083, "data": {"e": "aggTrade", "E": 1772933863083, "a": 3185350914, "s": "BTCUSDT", "p": "67206.10", "q": "0.006", "nq": "0.006", "f": 7401225174, "l": 7401225176, "T": 1772933863079, "m": true}}
{"local_ts": 1772933865146, "server_ts": 1772933863087, "data": {"e": "aggTrade", "E": 1772933863087, "a": 3185350915, "s": "BTCUSDT", "p": "67206.00", "q": "0.017", "nq": "0.017", "f": 7401225177, "l": 7401225179, "T": 1772933863079, "m": true}}
{"local_ts": 1772933865153, "server_ts": 1772933863090, "data": {"e": "aggTrade", "E": 1772933863090, "a": 3185350916, "s": "BTCUSDT", "p": "67205.70", "q": "0.010", "nq": "0.010", "f": 7401225180, "l": 7401225181, "T": 1772933863083, "m": true}}
{"local_ts": 1772933865181, "server_ts": 1772933863121, "data": {"e": "aggTrade", "E": 1772933863121, "a": 3185350917, "s": "BTCUSDT", "p": "67205.60", "q": "0.029", "nq": "0.029", "f": 7401225182, "l": 7401225185, "T": 1772933863086, "m": true}}
{"local_ts": 1772933865331, "server_ts": 1772933863272, "data": {"e": "aggTrade", "E": 1772933863272, "a": 3185350918, "s": "BTCUSDT", "p": "67205.70", "q": "0.020", "nq": "0.020", "f": 7401225186, "l": 7401225187, "T": 1772933863118, "m": false}}
{"local_ts": 1772933865367, "server_ts": 1772933863305, "data": {"e": "aggTrade", "E": 1772933863305, "a": 3185350919, "s": "BTCUSDT", "p": "67205.70", "q": "1.487", "nq": "1.487", "f": 7401225188, "l": 7401225195, "T": 1772933863300, "m": false}}
{"local_ts": 1772933865367, "server_ts": 1772933863305, "data": {"e": "aggTrade", "E": 1772933863305, "a": 3185350920, "s": "BTCUSDT", "p": "67205.80", "q": "0.001", "nq": "0.001", "f": 7401225196, "l": 7401225196, "T": 1772933863300, "m": false}}
{"local_ts": 1772933865368, "server_ts": 1772933863305, "data": {"e": "aggTrade", "E": 1772933863305, "a": 3185350921, "s": "BTCUSDT", "p": "67206.30", "q": "0.002", "nq": "0.002", "f": 7401225197, "l": 7401225197, "T": 1772933863300, "m": false}}
{"local_ts": 1772933865374, "server_ts": 1772933863314, "data": {"e": "aggTrade", "E": 1772933863314, "a": 3185350922, "s": "BTCUSDT", "p": "67206.90", "q": "0.002", "nq": "0.002", "f": 7401225198, "l": 7401225198, "T": 1772933863300, "m": false}}
{"local_ts": 1772933865375, "server_ts": 1772933863314, "data": {"e": "aggTrade", "E": 1772933863314, "a": 3185350923, "s": "BTCUSDT", "p": "67207.10", "q": "0.002", "nq": "0.002", "f": 7401225199, "l": 7401225199, "T": 1772933863310, "m": false}}
{"local_ts": 1772933865375, "server_ts": 1772933863314, "data": {"e": "aggTrade", "E": 1772933863314, "a": 3185350924, "s": "BTCUSDT", "p": "67207.20", "q": "0.006", "nq": "0.006", "f": 7401225200, "l": 7401225201, "T": 1772933863310, "m": false}}
{"local_ts": 1772933865375, "server_ts": 1772933863314, "data": {"e": "aggTrade", "E": 1772933863314, "a": 3185350925, "s": "BTCUSDT", "p": "67207.30", "q": "0.018", "nq": "0.018", "f": 7401225202, "l": 7401225203, "T": 1772933863310, "m": false}}
{"local_ts": 1772933865375, "server_ts": 1772933863314, "data": {"e": "aggTrade", "E": 1772933863314, "a": 3185350926, "s": "BTCUSDT", "p": "67207.40", "q": "0.300", "nq": "0.300", "f": 7401225204, "l": 7401225204, "T": 1772933863310, "m": false}}
{"local_ts": 1772933865376, "server_ts": 1772933863314, "data": {"e": "aggTrade", "E": 1772933863314, "a": 3185350927, "s": "BTCUSDT", "p": "67207.50", "q": "0.004", "nq": "0.004", "f": 7401225205, "l": 7401225205, "T": 1772933863310, "m": false}}
{"local_ts": 1772933865376, "server_ts": 1772933863314, "data": {"e": "aggTrade", "E": 1772933863314, "a": 3185350928, "s": "BTCUSDT", "p": "67207.60", "q": "0.001", "nq": "0.001", "f": 7401225206, "l": 7401225206, "T": 1772933863310, "m": false}}
{"local_ts": 1772933865376, "server_ts": 1772933863314, "data": {"e": "aggTrade", "E": 1772933863314, "a": 3185350929, "s": "BTCUSDT", "p": "67207.80", "q": "0.147", "nq": "0.147", "f": 7401225207, "l": 7401225208, "T": 1772933863310, "m": false}}
{"local_ts": 1772933865376, "server_ts": 1772933863314, "data": {"e": "aggTrade", "E": 1772933863314, "a": 3185350930, "s": "BTCUSDT", "p": "67207.90", "q": "0.005", "nq": "0.005", "f": 7401225209, "l": 7401225211, "T": 1772933863310, "m": false}}
{"local_ts": 1772933865377, "server_ts": 1772933863318, "data": {"e": "aggTrade", "E": 1772933863318, "a": 3185350931, "s": "BTCUSDT", "p": "67208.00", "q": "0.137", "nq": "0.137", "f": 7401225212, "l": 7401225213, "T": 1772933863310, "m": false}}
{"local_ts": 1772933865403, "server_ts": 1772933863343, "data": {"e": "aggTrade", "E": 1772933863343, "a": 3185350932, "s": "BTCUSDT", "p": "67208.10", "q": "0.001", "nq": "0.001", "f": 7401225214, "l": 7401225214, "T": 1772933863314, "m": false}}
{"local_ts": 1772933865555, "server_ts": 1772933863494, "data": {"e": "aggTrade", "E": 1772933863494, "a": 3185350933, "s": "BTCUSDT", "p": "67208.30", "q": "0.016", "nq": "0.016", "f": 7401225215, "l": 7401225218, "T": 1772933863339, "m": false}}
{"local_ts": 1772933865901, "server_ts": 1772933863843, "data": {"e": "aggTrade", "E": 1772933863843, "a": 3185350934, "s": "BTCUSDT", "p": "67208.20", "q": "0.022", "nq": "0.022", "f": 7401225219, "l": 7401225219, "T": 1772933863828, "m": true}}
{"local_ts": 1772933866062, "server_ts": 1772933863990, "data": {"e": "aggTrade", "E": 1772933863990, "a": 3185350935, "s": "BTCUSDT", "p": "67208.30", "q": "0.191", "nq": "0.191", "f": 7401225220, "l": 7401225220, "T": 1772933863840, "m": false}}
{"local_ts": 1772933866103, "server_ts": 1772933864045, "data": {"e": "aggTrade", "E": 1772933864045, "a": 3185350936, "s": "BTCUSDT", "p": "67208.20", "q": "0.006", "nq": "0.006", "f": 7401225221, "l": 7401225221, "T": 1772933863987, "m": true}}
{"local_ts": 1772933866253, "server_ts": 1772933864196, "data": {"e": "aggTrade", "E": 1772933864196, "a": 3185350937, "s": "BTCUSDT", "p": "67208.30", "q": "0.016", "nq": "0.016", "f": 7401225222, "l": 7401225222, "T": 1772933864044, "m": false}}
{"local_ts": 1772933866611, "server_ts": 1772933864553, "data": {"e": "aggTrade", "E": 1772933864553, "a": 3185350938, "s": "BTCUSDT", "p": "67208.20", "q": "0.210", "nq": "0.210", "f": 7401225223, "l": 7401225238, "T": 1772933864547, "m": true}}
{"local_ts": 1772933866612, "server_ts": 1772933864553, "data": {"e": "aggTrade", "E": 1772933864553, "a": 3185350939, "s": "BTCUSDT", "p": "67208.10", "q": "0.002", "nq": "0.002", "f": 7401225239, "l": 7401225239, "T": 1772933864549, "m": true}}
{"local_ts": 1772933866612, "server_ts": 1772933864553, "data": {"e": "aggTrade", "E": 1772933864553, "a": 3185350940, "s": "BTCUSDT", "p": "67207.90", "q": "0.002", "nq": "0.002", "f": 7401225240, "l": 7401225240, "T": 1772933864549, "m": true}}
{"local_ts": 1772933866613, "server_ts": 1772933864553, "data": {"e": "aggTrade", "E": 1772933864553, "a": 3185350941, "s": "BTCUSDT", "p": "67207.80", "q": "0.003", "nq": "0.003", "f": 7401225241, "l": 7401225241, "T": 1772933864549, "m": true}}
{"local_ts": 1772933866613, "server_ts": 1772933864553, "data": {"e": "aggTrade", "E": 1772933864553, "a": 3185350942, "s": "BTCUSDT", "p": "67207.60", "q": "0.002", "nq": "0.002", "f": 7401225242, "l": 7401225242, "T": 1772933864549, "m": true}}
{"local_ts": 1772933866613, "server_ts": 1772933864553, "data": {"e": "aggTrade", "E": 1772933864553, "a": 3185350943, "s": "BTCUSDT", "p": "67207.40", "q": "0.002", "nq": "0.002", "f": 7401225243, "l": 7401225243, "T": 1772933864549, "m": true}}
{"local_ts": 1772933866613, "server_ts": 1772933864553, "data": {"e": "aggTrade", "E": 1772933864553, "a": 3185350944, "s": "BTCUSDT", "p": "67207.30", "q": "0.004", "nq": "0.004", "f": 7401225244, "l": 7401225244, "T": 1772933864549, "m": true}}
{"local_ts": 1772933866613, "server_ts": 1772933864553, "data": {"e": "aggTrade", "E": 1772933864553, "a": 3185350945, "s": "BTCUSDT", "p": "67207.20", "q": "0.001", "nq": "0.001", "f": 7401225245, "l": 7401225245, "T": 1772933864549, "m": true}}
{"local_ts": 1772933866624, "server_ts": 1772933864566, "data": {"e": "aggTrade", "E": 1772933864566, "a": 3185350946, "s": "BTCUSDT", "p": "67207.10", "q": "0.002", "nq": "0.002", "f": 7401225246, "l": 7401225246, "T": 1772933864549, "m": true}}
{"local_ts": 1772933866631, "server_ts": 1772933864572, "data": {"e": "aggTrade", "E": 1772933864572, "a": 3185350947, "s": "BTCUSDT", "p": "67207.00", "q": "0.019", "nq": "0.019", "f": 7401225247, "l": 7401225249, "T": 1772933864562, "m": true}}
{"local_ts": 1772933866632, "server_ts": 1772933864572, "data": {"e": "aggTrade", "E": 1772933864572, "a": 3185350948, "s": "BTCUSDT", "p": "67206.70", "q": "0.004", "nq": "0.004", "f": 7401225250, "l": 7401225250, "T": 1772933864567, "m": true}}
{"local_ts": 1772933866632, "server_ts": 1772933864572, "data": {"e": "aggTrade", "E": 1772933864572, "a": 3185350949, "s": "BTCUSDT", "p": "67206.60", "q": "0.002", "nq": "0.002", "f": 7401225251, "l": 7401225251, "T": 1772933864567, "m": true}}
{"local_ts": 1772933866632, "server_ts": 1772933864572, "data": {"e": "aggTrade", "E": 1772933864572, "a": 3185350950, "s": "BTCUSDT", "p": "67206.30", "q": "0.002", "nq": "0.002", "f": 7401225252, "l": 7401225252, "T": 1772933864567, "m": true}}
{"local_ts": 1772933866632, "server_ts": 1772933864572, "data": {"e": "aggTrade", "E": 1772933864572, "a": 3185350951, "s": "BTCUSDT", "p": "67206.10", "q": "0.004", "nq": "0.004", "f": 7401225253, "l": 7401225253, "T": 1772933864567, "m": true}}
{"local_ts": 1772933866633, "server_ts": 1772933864572, "data": {"e": "aggTrade", "E": 1772933864572, "a": 3185350952, "s": "BTCUSDT", "p": "67205.90", "q": "0.002", "nq": "0.002", "f": 7401225254, "l": 7401225254, "T": 1772933864567, "m": true}}
{"local_ts": 1772933866650, "server_ts": 1772933864580, "data": {"e": "aggTrade", "E": 1772933864580, "a": 3185350953, "s": "BTCUSDT", "p": "67205.70", "q": "0.005", "nq": "0.005", "f": 7401225255, "l": 7401225258, "T": 1772933864567, "m": true}}
{"local_ts": 1772933866651, "server_ts": 1772933864582, "data": {"e": "aggTrade", "E": 1772933864582, "a": 3185350954, "s": "BTCUSDT", "p": "67205.60", "q": "0.078", "nq": "0.078", "f": 7401225259, "l": 7401225261, "T": 1772933864576, "m": true}}
{"local_ts": 1772933866651, "server_ts": 1772933864582, "data": {"e": "aggTrade", "E": 1772933864582, "a": 3185350955, "s": "BTCUSDT", "p": "67205.10", "q": "0.015", "nq": "0.015", "f": 7401225262, "l": 7401225264, "T": 1772933864578, "m": true}}
{"local_ts": 1772933866651, "server_ts": 1772933864582, "data": {"e": "aggTrade", "E": 1772933864582, "a": 3185350956, "s": "BTCUSDT", "p": "67205.00", "q": "0.002", "nq": "0.002", "f": 7401225265, "l": 7401225265, "T": 1772933864578, "m": true}}
{"local_ts": 1772933866651, "server_ts": 1772933864582, "data": {"e": "aggTrade", "E": 1772933864582, "a": 3185350957, "s": "BTCUSDT", "p": "67204.90", "q": "0.002", "nq": "0.002", "f": 7401225266, "l": 7401225266, "T": 1772933864578, "m": true}}
{"local_ts": 1772933866651, "server_ts": 1772933864586, "data": {"e": "aggTrade", "E": 1772933864586, "a": 3185350958, "s": "BTCUSDT", "p": "67204.80", "q": "0.002", "nq": "0.002", "f": 7401225267, "l": 7401225267, "T": 1772933864578, "m": true}}
{"local_ts": 1772933866652, "server_ts": 1772933864586, "data": {"e": "aggTrade", "E": 1772933864586, "a": 3185350959, "s": "BTCUSDT", "p": "67204.70", "q": "0.025", "nq": "0.025", "f": 7401225268, "l": 7401225271, "T": 1772933864581, "m": true}}
{"local_ts": 1772933866652, "server_ts": 1772933864588, "data": {"e": "aggTrade", "E": 1772933864588, "a": 3185350960, "s": "BTCUSDT", "p": "67204.40", "q": "0.005", "nq": "0.005", "f": 7401225272, "l": 7401225274, "T": 1772933864581, "m": true}}
{"local_ts": 1772933866652, "server_ts": 1772933864588, "data": {"e": "aggTrade", "E": 1772933864588, "a": 3185350961, "s": "BTCUSDT", "p": "67204.20", "q": "0.005", "nq": "0.005", "f": 7401225275, "l": 7401225279, "T": 1772933864584, "m": true}}
{"local_ts": 1772933866652, "server_ts": 1772933864588, "data": {"e": "aggTrade", "E": 1772933864588, "a": 3185350962, "s": "BTCUSDT", "p": "67203.90", "q": "0.003", "nq": "0.003", "f": 7401225280, "l": 7401225280, "T": 1772933864584, "m": true}}
{"local_ts": 1772933866653, "server_ts": 1772933864588, "data": {"e": "aggTrade", "E": 1772933864588, "a": 3185350963, "s": "BTCUSDT", "p": "67203.70", "q": "0.007", "nq": "0.007", "f": 7401225281, "l": 7401225282, "T": 1772933864584, "m": true}}
{"local_ts": 1772933866653, "server_ts": 1772933864588, "data": {"e": "aggTrade", "E": 1772933864588, "a": 3185350964, "s": "BTCUSDT", "p": "67203.60", "q": "0.002", "nq": "0.002", "f": 7401225283, "l": 7401225283, "T": 1772933864584, "m": true}}
{"local_ts": 1772933866653, "server_ts": 1772933864588, "data": {"e": "aggTrade", "E": 1772933864588, "a": 3185350965, "s": "BTCUSDT", "p": "67203.50", "q": "0.004", "nq": "0.004", "f": 7401225284, "l": 7401225284, "T": 1772933864584, "m": true}}
{"local_ts": 1772933866653, "server_ts": 1772933864588, "data": {"e": "aggTrade", "E": 1772933864588, "a": 3185350966, "s": "BTCUSDT", "p": "67203.30", "q": "0.001", "nq": "0.001", "f": 7401225285, "l": 7401225285, "T": 1772933864584, "m": true}}
{"local_ts": 1772933866697, "server_ts": 1772933864639, "data": {"e": "aggTrade", "E": 1772933864639, "a": 3185350967, "s": "BTCUSDT", "p": "67203.10", "q": "0.003", "nq": "0.003", "f": 7401225286, "l": 7401225287, "T": 1772933864584, "m": true}}
{"local_ts": 1772933866846, "server_ts": 1772933864790, "data": {"e": "aggTrade", "E": 1772933864790, "a": 3185350968, "s": "BTCUSDT", "p": "67202.90", "q": "0.005", "nq": "0.005", "f": 7401225288, "l": 7401225289, "T": 1772933864636, "m": true}}
{"local_ts": 1772933867008, "server_ts": 1772933864948, "data": {"e": "aggTrade", "E": 1772933864948, "a": 3185350969, "s": "BTCUSDT", "p": "67202.90", "q": "0.042", "nq": "0.042", "f": 7401225290, "l": 7401225296, "T": 1772933864869, "m": true}}
{"local_ts": 1772933867159, "server_ts": 1772933865099, "data": {"e": "aggTrade", "E": 1772933865099, "a": 3185350970, "s": "BTCUSDT", "p": "67202.80", "q": "0.006", "nq": "0.006", "f": 7401225297, "l": 7401225297, "T": 1772933864946, "m": false}}
{"local_ts": 1772933867547, "server_ts": 1772933865490, "data": {"e": "aggTrade", "E": 1772933865490, "a": 3185350971, "s": "BTCUSDT", "p": "67202.80", "q": "0.053", "nq": "0.053", "f": 7401225298, "l": 7401225299, "T": 1772933865337, "m": false}}
{"local_ts": 1772933868305, "server_ts": 1772933866246, "data": {"e": "aggTrade", "E": 1772933866246, "a": 3185350972, "s": "BTCUSDT", "p": "67202.70", "q": "0.011", "nq": "0.011", "f": 7401225300, "l": 7401225302, "T": 1772933866093, "m": true}}
{"local_ts": 1772933868413, "server_ts": 1772933866355, "data": {"e": "aggTrade", "E": 1772933866355, "a": 3185350973, "s": "BTCUSDT", "p": "67202.70", "q": "0.075", "nq": "0.075", "f": 7401225303, "l": 7401225308, "T": 1772933866297, "m": true}}
{"local_ts": 1772933868566, "server_ts": 1772933866506, "data": {"e": "aggTrade", "E": 1772933866506, "a": 3185350974, "s": "BTCUSDT", "p": "67202.80", "q": "0.297", "nq": "0.297", "f": 7401225309, "l": 7401225309, "T": 1772933866353, "m": false}}
{"local_ts": 1772933869315, "server_ts": 1772933867257, "data": {"e": "aggTrade", "E": 1772933867257, "a": 3185350975, "s": "BTCUSDT", "p": "67202.70", "q": "0.025", "nq": "0.025", "f": 7401225310, "l": 7401225310, "T": 1772933867135, "m": true}}
{"local_ts": 1772933869325, "server_ts": 1772933867268, "data": {"e": "aggTrade", "E": 1772933867268, "a": 3185350976, "s": "BTCUSDT", "p": "67202.70", "q": "0.974", "nq": "0.974", "f": 7401225311, "l": 7401225320, "T": 1772933867255, "m": true}}
{"local_ts": 1772933869326, "server_ts": 1772933867268, "data": {"e": "aggTrade", "E": 1772933867268, "a": 3185350977, "s": "BTCUSDT", "p": "67202.50", "q": "0.002", "nq": "0.002", "f": 7401225321, "l": 7401225321, "T": 1772933867266, "m": true}}
{"local_ts": 1772933869345, "server_ts": 1772933867273, "data": {"e": "aggTrade", "E": 1772933867273, "a": 3185350978, "s": "BTCUSDT", "p": "67202.20", "q": "0.004", "nq": "0.004", "f": 7401225322, "l": 7401225323, "T": 1772933867266, "m": true}}
{"local_ts": 1772933869346, "server_ts": 1772933867273, "data": {"e": "aggTrade", "E": 1772933867273, "a": 3185350979, "s": "BTCUSDT", "p": "67201.70", "q": "0.002", "nq": "0.002", "f": 7401225324, "l": 7401225324, "T": 1772933867268, "m": true}}
{"local_ts": 1772933869346, "server_ts": 1772933867273, "data": {"e": "aggTrade", "E": 1772933867273, "a": 3185350980, "s": "BTCUSDT", "p": "67201.60", "q": "0.002", "nq": "0.002", "f": 7401225325, "l": 7401225325, "T": 1772933867268, "m": true}}
{"local_ts": 1772933869347, "server_ts": 1772933867274, "data": {"e": "aggTrade", "E": 1772933867274, "a": 3185350981, "s": "BTCUSDT", "p": "67201.20", "q": "0.007", "nq": "0.007", "f": 7401225326, "l": 7401225328, "T": 1772933867268, "m": true}}
{"local_ts": 1772933869347, "server_ts": 1772933867274, "data": {"e": "aggTrade", "E": 1772933867274, "a": 3185350982, "s": "BTCUSDT", "p": "67201.10", "q": "0.002", "nq": "0.002", "f": 7401225329, "l": 7401225329, "T": 1772933867269, "m": true}}
{"local_ts": 1772933869374, "server_ts": 1772933867312, "data": {"e": "aggTrade", "E": 1772933867312, "a": 3185350983, "s": "BTCUSDT", "p": "67201.00", "q": "0.005", "nq": "0.005", "f": 7401225330, "l": 7401225331, "T": 1772933867269, "m": true}}
{"local_ts": 1772933869424, "server_ts": 1772933867366, "data": {"e": "aggTrade", "E": 1772933867366, "a": 3185350984, "s": "BTCUSDT", "p": "67200.90", "q": "0.022", "nq": "0.022", "f": 7401225332, "l": 7401225337, "T": 1772933867309, "m": true}}
{"local_ts": 1772933869437, "server_ts": 1772933867369, "data": {"e": "aggTrade", "E": 1772933867369, "a": 3185350985, "s": "BTCUSDT", "p": "67200.70", "q": "0.041", "nq": "0.041", "f": 7401225338, "l": 7401225339, "T": 1772933867363, "m": true}}
{"local_ts": 1772933869437, "server_ts": 1772933867369, "data": {"e": "aggTrade", "E": 1772933867369, "a": 3185350986, "s": "BTCUSDT", "p": "67200.10", "q": "0.006", "nq": "0.006", "f": 7401225340, "l": 7401225343, "T": 1772933867366, "m": true}}
{"local_ts": 1772933869437, "server_ts": 1772933867369, "data": {"e": "aggTrade", "E": 1772933867369, "a": 3185350987, "s": "BTCUSDT", "p": "67200.00", "q": "0.002", "nq": "0.002", "f": 7401225344, "l": 7401225344, "T": 1772933867366, "m": true}}
{"local_ts": 1772933869438, "server_ts": 1772933867369, "data": {"e": "aggTrade", "E": 1772933867369, "a": 3185350988, "s": "BTCUSDT", "p": "67199.60", "q": "0.002", "nq": "0.002", "f": 7401225345, "l": 7401225345, "T": 1772933867366, "m": true}}
{"local_ts": 1772933869438, "server_ts": 1772933867370, "data": {"e": "aggTrade", "E": 1772933867370, "a": 3185350989, "s": "BTCUSDT", "p": "67199.40", "q": "0.001", "nq": "0.001", "f": 7401225346, "l": 7401225346, "T": 1772933867366, "m": true}}
{"local_ts": 1772933869438, "server_ts": 1772933867370, "data": {"e": "aggTrade", "E": 1772933867370, "a": 3185350990, "s": "BTCUSDT", "p": "67199.30", "q": "0.002", "nq": "0.002", "f": 7401225347, "l": 7401225347, "T": 1772933867366, "m": true}}
{"local_ts": 1772933869439, "server_ts": 1772933867370, "data": {"e": "aggTrade", "E": 1772933867370, "a": 3185350991, "s": "BTCUSDT", "p": "67199.20", "q": "0.001", "nq": "0.001", "f": 7401225348, "l": 7401225348, "T": 1772933867366, "m": true}}
{"local_ts": 1772933869439, "server_ts": 1772933867370, "data": {"e": "aggTrade", "E": 1772933867370, "a": 3185350992, "s": "BTCUSDT", "p": "67199.00", "q": "0.005", "nq": "0.005", "f": 7401225349, "l": 7401225350, "T": 1772933867366, "m": true}}
{"local_ts": 1772933869439, "server_ts": 1772933867370, "data": {"e": "aggTrade", "E": 1772933867370, "a": 3185350993, "s": "BTCUSDT", "p": "67198.90", "q": "0.001", "nq": "0.001", "f": 7401225351, "l": 7401225351, "T": 1772933867366, "m": true}}
{"local_ts": 1772933869439, "server_ts": 1772933867373, "data": {"e": "aggTrade", "E": 1772933867373, "a": 3185350994, "s": "BTCUSDT", "p": "67198.80", "q": "0.002", "nq": "0.002", "f": 7401225352, "l": 7401225352, "T": 1772933867366, "m": true}}
{"local_ts": 1772933869440, "server_ts": 1772933867376, "data": {"e": "aggTrade", "E": 1772933867376, "a": 3185350995, "s": "BTCUSDT", "p": "67198.70", "q": "0.057", "nq": "0.057", "f": 7401225353, "l": 7401225356, "T": 1772933867370, "m": true}}
{"local_ts": 1772933869586, "server_ts": 1772933867527, "data": {"e": "aggTrade", "E": 1772933867527, "a": 3185350996, "s": "BTCUSDT", "p": "67198.60", "q": "0.024", "nq": "0.024", "f": 7401225357, "l": 7401225359, "T": 1772933867373, "m": true}}
{"local_ts": 1772933869823, "server_ts": 1772933867763, "data": {"e": "aggTrade", "E": 1772933867763, "a": 3185350997, "s": "BTCUSDT", "p": "67198.70", "q": "0.148", "nq": "0.148", "f": 7401225360, "l": 7401225360, "T": 1772933867610, "m": false}}
{"local_ts": 1772933870316, "server_ts": 1772933868257, "data": {"e": "aggTrade", "E": 1772933868257, "a": 3185350998, "s": "BTCUSDT", "p": "67198.70", "q": "0.004", "nq": "0.004", "f": 7401225361, "l": 7401225361, "T": 1772933868104, "m": false}}
{"local_ts": 1772933870598, "server_ts": 1772933868538, "data": {"e": "aggTrade", "E": 1772933868538, "a": 3185350999, "s": "BTCUSDT", "p": "67198.70", "q": "0.002", "nq": "0.002", "f": 7401225362, "l": 7401225362, "T": 1772933868482, "m": false}}
{"local_ts": 1772933870602, "server_ts": 1772933868541, "data": {"e": "aggTrade", "E": 1772933868541, "a": 3185351000, "s": "BTCUSDT", "p": "67198.60", "q": "0.005", "nq": "0.005", "f": 7401225363, "l": 7401225363, "T": 1772933868536, "m": true}}
{"local_ts": 1772933870732, "server_ts": 1772933868673, "data": {"e": "aggTrade", "E": 1772933868673, "a": 3185351001, "s": "BTCUSDT", "p": "67198.70", "q": "0.017", "nq": "0.017", "f": 7401225364, "l": 7401225364, "T": 1772933868539, "m": false}}
{"local_ts": 1772933870894, "server_ts": 1772933868824, "data": {"e": "aggTrade", "E": 1772933868824, "a": 3185351002, "s": "BTCUSDT", "p": "67198.60", "q": "0.005", "nq": "0.005", "f": 7401225365, "l": 7401225365, "T": 1772933868670, "m": true}}
{"local_ts": 1772933871093, "server_ts": 1772933869036, "data": {"e": "aggTrade", "E": 1772933869036, "a": 3185351003, "s": "BTCUSDT", "p": "67198.70", "q": "0.026", "nq": "0.026", "f": 7401225366, "l": 7401225366, "T": 1772933868883, "m": false}}
{"local_ts": 1772933871204, "server_ts": 1772933869143, "data": {"e": "aggTrade", "E": 1772933869143, "a": 3185351004, "s": "BTCUSDT", "p": "67198.60", "q": "0.030", "nq": "0.030", "f": 7401225367, "l": 7401225367, "T": 1772933869065, "m": true}}
{"local_ts": 1772933871352, "server_ts": 1772933869294, "data": {"e": "aggTrade", "E": 1772933869294, "a": 3185351005, "s": "BTCUSDT", "p": "67198.70", "q": "0.029", "nq": "0.029", "f": 7401225368, "l": 7401225368, "T": 1772933869140, "m": false}}
{"local_ts": 1772933871664, "server_ts": 1772933869603, "data": {"e": "aggTrade", "E": 1772933869603, "a": 3185351006, "s": "BTCUSDT", "p": "67198.70", "q": "0.148", "nq": "0.148", "f": 7401225369, "l": 7401225369, "T": 1772933869451, "m": false}}
{"local_ts": 1772933872179, "server_ts": 1772933870121, "data": {"e": "aggTrade", "E": 1772933870121, "a": 3185351007, "s": "BTCUSDT", "p": "67198.70", "q": "0.003", "nq": "0.003", "f": 7401225371, "l": 7401225371, "T": 1772933869968, "m": false}}
{"local_ts": 1772933872485, "server_ts": 1772933870424, "data": {"e": "aggTrade", "E": 1772933870424, "a": 3185351008, "s": "BTCUSDT", "p": "67198.70", "q": "0.003", "nq": "0.003", "f": 7401225372, "l": 7401225372, "T": 1772933870271, "m": false}}
{"local_ts": 1772933873033, "server_ts": 1772933870975, "data": {"e": "aggTrade", "E": 1772933870975, "a": 3185351009, "s": "BTCUSDT", "p": "67198.60", "q": "0.460", "nq": "0.460", "f": 7401225373, "l": 7401225381, "T": 1772933870822, "m": true}}
{"local_ts": 1772933873574, "server_ts": 1772933871514, "data": {"e": "aggTrade", "E": 1772933871514, "a": 3185351010, "s": "BTCUSDT", "p": "67198.70", "q": "0.283", "nq": "0.283", "f": 7401225382, "l": 7401225397, "T": 1772933871361, "m": false}}
{"local_ts": 1772933873748, "server_ts": 1772933871689, "data": {"e": "aggTrade", "E": 1772933871689, "a": 3185351011, "s": "BTCUSDT", "p": "67198.60", "q": "0.020", "nq": "0.020", "f": 7401225398, "l": 7401225399, "T": 1772933871537, "m": true}}
{"local_ts": 1772933873909, "server_ts": 1772933871850, "data": {"e": "aggTrade", "E": 1772933871850, "a": 3185351012, "s": "BTCUSDT", "p": "67198.60", "q": "0.297", "nq": "0.297", "f": 7401225400, "l": 7401225400, "T": 1772933871697, "m": true}}
{"local_ts": 1772933874120, "server_ts": 1772933872063, "data": {"e": "aggTrade", "E": 1772933872063, "a": 3185351013, "s": "BTCUSDT", "p": "67198.60", "q": "0.004", "nq": "0.004", "f": 7401225401, "l": 7401225401, "T": 1772933871912, "m": true}}
{"local_ts": 1772933875115, "server_ts": 1772933873055, "data": {"e": "aggTrade", "E": 1772933873055, "a": 3185351014, "s": "BTCUSDT", "p": "67198.60", "q": "0.001", "nq": "0.001", "f": 7401225402, "l": 7401225402, "T": 1772933872901, "m": true}}
{"local_ts": 1772933875421, "server_ts": 1772933873364, "data": {"e": "aggTrade", "E": 1772933873364, "a": 3185351015, "s": "BTCUSDT", "p": "67198.70", "q": "0.022", "nq": "0.022", "f": 7401225403, "l": 7401225403, "T": 1772933873211, "m": false}}
{"local_ts": 1772933875715, "server_ts": 1772933873657, "data": {"e": "aggTrade", "E": 1772933873657, "a": 3185351016, "s": "BTCUSDT", "p": "67198.70", "q": "0.248", "nq": "0.248", "f": 7401225404, "l": 7401225405, "T": 1772933873522, "m": false}}
{"local_ts": 1772933875832, "server_ts": 1772933873774, "data": {"e": "aggTrade", "E": 1772933873774, "a": 3185351017, "s": "BTCUSDT", "p": "67198.60", "q": "0.069", "nq": "0.069", "f": 7401225406, "l": 7401225411, "T": 1772933873656, "m": true}}
{"local_ts": 1772933875932, "server_ts": 1772933873875, "data": {"e": "aggTrade", "E": 1772933873875, "a": 3185351018, "s": "BTCUSDT", "p": "67198.60", "q": "0.015", "nq": "0.015", "f": 7401225412, "l": 7401225412, "T": 1772933873772, "m": true}}
{"local_ts": 1772933876025, "server_ts": 1772933873967, "data": {"e": "aggTrade", "E": 1772933873967, "a": 3185351019, "s": "BTCUSDT", "p": "67198.70", "q": "0.122", "nq": "0.122", "f": 7401225413, "l": 7401225413, "T": 1772933873874, "m": false}}
{"local_ts": 1772933876177, "server_ts": 1772933874118, "data": {"e": "aggTrade", "E": 1772933874118, "a": 3185351020, "s": "BTCUSDT", "p": "67198.60", "q": "0.018", "nq": "0.018", "f": 7401225414, "l": 7401225415, "T": 1772933873965, "m": true}}
{"local_ts": 1772933876633, "server_ts": 1772933874560, "data": {"e": "aggTrade", "E": 1772933874560, "a": 3185351021, "s": "BTCUSDT", "p": "67198.70", "q": "0.266", "nq": "0.266", "f": 7401225416, "l": 7401225416, "T": 1772933874407, "m": false}}
{"local_ts": 1772933876827, "server_ts": 1772933874768, "data": {"e": "aggTrade", "E": 1772933874768, "a": 3185351022, "s": "BTCUSDT", "p": "67198.70", "q": "0.002", "nq": "0.002", "f": 7401225418, "l": 7401225418, "T": 1772933874614, "m": false}}
{"local_ts": 1772933877144, "server_ts": 1772933875080, "data": {"e": "aggTrade", "E": 1772933875080, "a": 3185351023, "s": "BTCUSDT", "p": "67198.60", "q": "0.002", "nq": "0.002", "f": 7401225419, "l": 7401225419, "T": 1772933874989, "m": true}}
{"local_ts": 1772933877288, "server_ts": 1772933875231, "data": {"e": "aggTrade", "E": 1772933875231, "a": 3185351024, "s": "BTCUSDT", "p": "67198.70", "q": "0.071", "nq": "0.071", "f": 7401225420, "l": 7401225421, "T": 1772933875079, "m": false}}
{"local_ts": 1772933877456, "server_ts": 1772933875399, "data": {"e": "aggTrade", "E": 1772933875399, "a": 3185351025, "s": "BTCUSDT", "p": "67198.70", "q": "0.004", "nq": "0.004", "f": 7401225422, "l": 7401225422, "T": 1772933875247, "m": false}}
{"local_ts": 1772933877684, "server_ts": 1772933875626, "data": {"e": "aggTrade", "E": 1772933875626, "a": 3185351026, "s": "BTCUSDT", "p": "67198.70", "q": "0.002", "nq": "0.002", "f": 7401225423, "l": 7401225423, "T": 1772933875553, "m": false}}
{"local_ts": 1772933877834, "server_ts": 1772933875777, "data": {"e": "aggTrade", "E": 1772933875777, "a": 3185351027, "s": "BTCUSDT", "p": "67198.60", "q": "0.074", "nq": "0.074", "f": 7401225424, "l": 7401225426, "T": 1772933875624, "m": true}}
{"local_ts": 1772933878481, "server_ts": 1772933876423, "data": {"e": "aggTrade", "E": 1772933876423, "a": 3185351028, "s": "BTCUSDT", "p": "67198.70", "q": "0.003", "nq": "0.003", "f": 7401225427, "l": 7401225427, "T": 1772933876271, "m": false}}
{"local_ts": 1772933878835, "server_ts": 1772933876776, "data": {"e": "aggTrade", "E": 1772933876776, "a": 3185351029, "s": "BTCUSDT", "p": "67198.60", "q": "0.003", "nq": "0.003", "f": 7401225428, "l": 7401225428, "T": 1772933876647, "m": true}}
{"local_ts": 1772933878986, "server_ts": 1772933876928, "data": {"e": "aggTrade", "E": 1772933876928, "a": 3185351030, "s": "BTCUSDT", "p": "67198.70", "q": "0.067", "nq": "0.067", "f": 7401225429, "l": 7401225429, "T": 1772933876774, "m": false}}
{"local_ts": 1772933879241, "server_ts": 1772933877182, "data": {"e": "aggTrade", "E": 1772933877182, "a": 3185351031, "s": "BTCUSDT", "p": "67198.70", "q": "0.035", "nq": "0.035", "f": 7401225430, "l": 7401225430, "T": 1772933877079, "m": false}}
{"local_ts": 1772933879391, "server_ts": 1772933877333, "data": {"e": "aggTrade", "E": 1772933877333, "a": 3185351032, "s": "BTCUSDT", "p": "67198.60", "q": "0.002", "nq": "0.002", "f": 7401225431, "l": 7401225431, "T": 1772933877179, "m": true}}
{"local_ts": 1772933880277, "server_ts": 1772933878220, "data": {"e": "aggTrade", "E": 1772933878220, "a": 3185351033, "s": "BTCUSDT", "p": "67198.60", "q": "0.014", "nq": "0.014", "f": 7401225432, "l": 7401225432, "T": 1772933878067, "m": true}}
{"local_ts": 1772933880768, "server_ts": 1772933878708, "data": {"e": "aggTrade", "E": 1772933878708, "a": 3185351034, "s": "BTCUSDT", "p": "67198.60", "q": "0.003", "nq": "0.003", "f": 7401225435, "l": 7401225435, "T": 1772933878555, "m": true}}
{"local_ts": 1772933881837, "server_ts": 1772933879775, "data": {"e": "aggTrade", "E": 1772933879775, "a": 3185351035, "s": "BTCUSDT", "p": "67198.70", "q": "0.006", "nq": "0.006", "f": 7401225436, "l": 7401225436, "T": 1772933879621, "m": false}}
{"local_ts": 1772933882706, "server_ts": 1772933880642, "data": {"e": "aggTrade", "E": 1772933880642, "a": 3185351036, "s": "BTCUSDT", "p": "67198.60", "q": "0.012", "nq": "0.012", "f": 7401225437, "l": 7401225438, "T": 1772933880490, "m": true}}
{"local_ts": 1772933883010, "server_ts": 1772933880952, "data": {"e": "aggTrade", "E": 1772933880952, "a": 3185351037, "s": "BTCUSDT", "p": "67198.70", "q": "0.036", "nq": "0.036", "f": 7401225440, "l": 7401225441, "T": 1772933880799, "m": false}}
{"local_ts": 1772933883723, "server_ts": 1772933881665, "data": {"e": "aggTrade", "E": 1772933881665, "a": 3185351038, "s": "BTCUSDT", "p": "67198.70", "q": "0.213", "nq": "0.213", "f": 7401225442, "l": 7401225443, "T": 1772933881511, "m": false}}
{"local_ts": 1772933883942, "server_ts": 1772933881884, "data": {"e": "aggTrade", "E": 1772933881884, "a": 3185351039, "s": "BTCUSDT", "p": "67198.70", "q": "0.708", "nq": "0.708", "f": 7401225444, "l": 7401225446, "T": 1772933881732, "m": false}}
{"local_ts": 1772933884210, "server_ts": 1772933882153, "data": {"e": "aggTrade", "E": 1772933882153, "a": 3185351040, "s": "BTCUSDT", "p": "67198.70", "q": "0.083", "nq": "0.083", "f": 7401225447, "l": 7401225448, "T": 1772933882000, "m": false}}
{"local_ts": 1772933884428, "server_ts": 1772933882371, "data": {"e": "aggTrade", "E": 1772933882371, "a": 3185351041, "s": "BTCUSDT", "p": "67198.60", "q": "0.002", "nq": "0.002", "f": 7401225449, "l": 7401225449, "T": 1772933882219, "m": true}}
{"local_ts": 1772933885492, "server_ts": 1772933883434, "data": {"e": "aggTrade", "E": 1772933883434, "a": 3185351042, "s": "BTCUSDT", "p": "67198.70", "q": "0.005", "nq": "0.005", "f": 7401225450, "l": 7401225451, "T": 1772933883282, "m": false}}
{"local_ts": 1772933885884, "server_ts": 1772933883826, "data": {"e": "aggTrade", "E": 1772933883826, "a": 3185351043, "s": "BTCUSDT", "p": "67198.70", "q": "0.011", "nq": "0.011", "f": 7401225452, "l": 7401225452, "T": 1772933883674, "m": false}}
{"local_ts": 1772933886317, "server_ts": 1772933884257, "data": {"e": "aggTrade", "E": 1772933884257, "a": 3185351044, "s": "BTCUSDT", "p": "67198.70", "q": "0.002", "nq": "0.002", "f": 7401225453, "l": 7401225453, "T": 1772933884105, "m": false}}
{"local_ts": 1772933886590, "server_ts": 1772933884532, "data": {"e": "aggTrade", "E": 1772933884532, "a": 3185351045, "s": "BTCUSDT", "p": "67198.60", "q": "0.065", "nq": "0.065", "f": 7401225454, "l": 7401225455, "T": 1772933884379, "m": true}}
{"local_ts": 1772933886674, "server_ts": 1772933884616, "data": {"e": "aggTrade", "E": 1772933884616, "a": 3185351046, "s": "BTCUSDT", "p": "67198.70", "q": "0.072", "nq": "0.072", "f": 7401225456, "l": 7401225458, "T": 1772933884610, "m": false}}
{"local_ts": 1772933886826, "server_ts": 1772933884768, "data": {"e": "aggTrade", "E": 1772933884768, "a": 3185351047, "s": "BTCUSDT", "p": "67198.60", "q": "0.262", "nq": "0.262", "f": 7401225459, "l": 7401225464, "T": 1772933884614, "m": true}}
{"local_ts": 1772933887055, "server_ts": 1772933884998, "data": {"e": "aggTrade", "E": 1772933884998, "a": 3185351048, "s": "BTCUSDT", "p": "67198.70", "q": "0.003", "nq": "0.003", "f": 7401225465, "l": 7401225465, "T": 1772933884845, "m": false}}
{"local_ts": 1772933887279, "server_ts": 1772933885221, "data": {"e": "aggTrade", "E": 1772933885221, "a": 3185351049, "s": "BTCUSDT", "p": "67198.70", "q": "0.039", "nq": "0.039", "f": 7401225466, "l": 7401225467, "T": 1772933885068, "m": false}}
{"local_ts": 1772933887716, "server_ts": 1772933885657, "data": {"e": "aggTrade", "E": 1772933885657, "a": 3185351050, "s": "BTCUSDT", "p": "67198.60", "q": "0.015", "nq": "0.015", "f": 7401225468, "l": 7401225468, "T": 1772933885503, "m": true}}
{"local_ts": 1772933888227, "server_ts": 1772933886170, "data": {"e": "aggTrade", "E": 1772933886170, "a": 3185351051, "s": "BTCUSDT", "p": "67198.60", "q": "0.007", "nq": "0.007", "f": 7401225469, "l": 7401225469, "T": 1772933886016, "m": true}}
{"local_ts": 1772933889134, "server_ts": 1772933887073, "data": {"e": "aggTrade", "E": 1772933887073, "a": 3185351052, "s": "BTCUSDT", "p": "67198.70", "q": "0.003", "nq": "0.003", "f": 7401225470, "l": 7401225471, "T": 1772933886919, "m": false}}
{"local_ts": 1772933889371, "server_ts": 1772933887313, "data": {"e": "aggTrade", "E": 1772933887313, "a": 3185351053, "s": "BTCUSDT", "p": "67198.60", "q": "0.298", "nq": "0.298", "f": 7401225472, "l": 7401225473, "T": 1772933887160, "m": true}}
{"local_ts": 1772933889671, "server_ts": 1772933887613, "data": {"e": "aggTrade", "E": 1772933887613, "a": 3185351054, "s": "BTCUSDT", "p": "67198.70", "q": "0.388", "nq": "0.388", "f": 7401225474, "l": 7401225490, "T": 1772933887460, "m": false}}
{"local_ts": 1772933889964, "server_ts": 1772933887907, "data": {"e": "aggTrade", "E": 1772933887907, "a": 3185351055, "s": "BTCUSDT", "p": "67198.70", "q": "0.010", "nq": "0.010", "f": 7401225491, "l": 7401225492, "T": 1772933887873, "m": false}}
{"local_ts": 1772933890121, "server_ts": 1772933888059, "data": {"e": "aggTrade", "E": 1772933888059, "a": 3185351056, "s": "BTCUSDT", "p": "67198.60", "q": "0.044", "nq": "0.044", "f": 7401225493, "l": 7401225493, "T": 1772933887905, "m": true}}
{"local_ts": 1772933890532, "server_ts": 1772933888468, "data": {"e": "aggTrade", "E": 1772933888468, "a": 3185351057, "s": "BTCUSDT", "p": "67198.60", "q": "0.002", "nq": "0.002", "f": 7401225494, "l": 7401225494, "T": 1772933888316, "m": true}}
{"local_ts": 1772933890679, "server_ts": 1772933888621, "data": {"e": "aggTrade", "E": 1772933888621, "a": 3185351058, "s": "BTCUSDT", "p": "67198.60", "q": "0.003", "nq": "0.003", "f": 7401225495, "l": 7401225495, "T": 1772933888469, "m": true}}
{"local_ts": 1772933891022, "server_ts": 1772933888965, "data": {"e": "aggTrade", "E": 1772933888965, "a": 3185351059, "s": "BTCUSDT", "p": "67198.70", "q": "0.005", "nq": "0.005", "f": 7401225496, "l": 7401225497, "T": 1772933888812, "m": false}}
{"local_ts": 1772933891266, "server_ts": 1772933889196, "data": {"e": "aggTrade", "E": 1772933889196, "a": 3185351060, "s": "BTCUSDT", "p": "67198.70", "q": "0.004", "nq": "0.004", "f": 7401225498, "l": 7401225499, "T": 1772933889042, "m": false}}
{"local_ts": 1772933891464, "server_ts": 1772933889407, "data": {"e": "aggTrade", "E": 1772933889407, "a": 3185351061, "s": "BTCUSDT", "p": "67198.60", "q": "0.055", "nq": "0.055", "f": 7401225500, "l": 7401225500, "T": 1772933889254, "m": true}}
{"local_ts": 1772933891666, "server_ts": 1772933889609, "data": {"e": "aggTrade", "E": 1772933889609, "a": 3185351062, "s": "BTCUSDT", "p": "67198.70", "q": "0.005", "nq": "0.005", "f": 7401225501, "l": 7401225502, "T": 1772933889456, "m": false}}
{"local_ts": 1772933891724, "server_ts": 1772933889666, "data": {"e": "aggTrade", "E": 1772933889666, "a": 3185351063, "s": "BTCUSDT", "p": "67198.60", "q": "1.252", "nq": "1.252", "f": 7401225503, "l": 7401225519, "T": 1772933889663, "m": true}}
{"local_ts": 1772933891724, "server_ts": 1772933889666, "data": {"e": "aggTrade", "E": 1772933889666, "a": 3185351064, "s": "BTCUSDT", "p": "67198.50", "q": "0.136", "nq": "0.136", "f": 7401225520, "l": 7401225523, "T": 1772933889664, "m": true}}
{"local_ts": 1772933891725, "server_ts": 1772933889666, "data": {"e": "aggTrade", "E": 1772933889666, "a": 3185351065, "s": "BTCUSDT", "p": "67198.40", "q": "0.002", "nq": "0.002", "f": 7401225524, "l": 7401225524, "T": 1772933889664, "m": true}}
{"local_ts": 1772933891725, "server_ts": 1772933889666, "data": {"e": "aggTrade", "E": 1772933889666, "a": 3185351066, "s": "BTCUSDT", "p": "67198.30", "q": "0.060", "nq": "0.060", "f": 7401225525, "l": 7401225525, "T": 1772933889664, "m": true}}
{"local_ts": 1772933891725, "server_ts": 1772933889666, "data": {"e": "aggTrade", "E": 1772933889666, "a": 3185351067, "s": "BTCUSDT", "p": "67198.10", "q": "0.298", "nq": "0.298", "f": 7401225526, "l": 7401225526, "T": 1772933889664, "m": true}}
{"local_ts": 1772933891727, "server_ts": 1772933889671, "data": {"e": "aggTrade", "E": 1772933889671, "a": 3185351068, "s": "BTCUSDT", "p": "67198.00", "q": "0.062", "nq": "0.062", "f": 7401225527, "l": 7401225528, "T": 1772933889664, "m": true}}
{"local_ts": 1772933891729, "server_ts": 1772933889673, "data": {"e": "aggTrade", "E": 1772933889673, "a": 3185351069, "s": "BTCUSDT", "p": "67197.80", "q": "0.017", "nq": "0.017", "f": 7401225529, "l": 7401225531, "T": 1772933889666, "m": true}}
{"local_ts": 1772933891730, "server_ts": 1772933889673, "data": {"e": "aggTrade", "E": 1772933889673, "a": 3185351070, "s": "BTCUSDT", "p": "67197.70", "q": "0.002", "nq": "0.002", "f": 7401225532, "l": 7401225532, "T": 1772933889669, "m": true}}
{"local_ts": 1772933891775, "server_ts": 1772933889717, "data": {"e": "aggTrade", "E": 1772933889717, "a": 3185351071, "s": "BTCUSDT", "p": "67197.60", "q": "0.358", "nq": "0.358", "f": 7401225533, "l": 7401225548, "T": 1772933889669, "m": true}}
{"local_ts": 1772933891775, "server_ts": 1772933889717, "data": {"e": "aggTrade", "E": 1772933889717, "a": 3185351072, "s": "BTCUSDT", "p": "67197.40", "q": "0.004", "nq": "0.004", "f": 7401225549, "l": 7401225550, "T": 1772933889714, "m": true}}
{"local_ts": 1772933891776, "server_ts": 1772933889717, "data": {"e": "aggTrade", "E": 1772933889717, "a": 3185351073, "s": "BTCUSDT", "p": "67197.30", "q": "0.106", "nq": "0.106", "f": 7401225551, "l": 7401225553, "T": 1772933889714, "m": true}}
{"local_ts": 1772933891776, "server_ts": 1772933889717, "data": {"e": "aggTrade", "E": 1772933889717, "a": 3185351074, "s": "BTCUSDT", "p": "67197.00", "q": "0.003", "nq": "0.003", "f": 7401225554, "l": 7401225554, "T": 1772933889714, "m": true}}
{"local_ts": 1772933891776, "server_ts": 1772933889717, "data": {"e": "aggTrade", "E": 1772933889717, "a": 3185351075, "s": "BTCUSDT", "p": "67196.80", "q": "0.001", "nq": "0.001", "f": 7401225555, "l": 7401225555, "T": 1772933889714, "m": true}}
{"local_ts": 1772933891776, "server_ts": 1772933889717, "data": {"e": "aggTrade", "E": 1772933889717, "a": 3185351076, "s": "BTCUSDT", "p": "67196.60", "q": "0.005", "nq": "0.005", "f": 7401225556, "l": 7401225557, "T": 1772933889714, "m": true}}
{"local_ts": 1772933891776, "server_ts": 1772933889717, "data": {"e": "aggTrade", "E": 1772933889717, "a": 3185351077, "s": "BTCUSDT", "p": "67196.50", "q": "0.010", "nq": "0.010", "f": 7401225558, "l": 7401225566, "T": 1772933889714, "m": true}}
{"local_ts": 1772933891777, "server_ts": 1772933889717, "data": {"e": "aggTrade", "E": 1772933889717, "a": 3185351078, "s": "BTCUSDT", "p": "67196.20", "q": "0.001", "nq": "0.001", "f": 7401225567, "l": 7401225567, "T": 1772933889714, "m": true}}
{"local_ts": 1772933891777, "server_ts": 1772933889717, "data": {"e": "aggTrade", "E": 1772933889717, "a": 3185351079, "s": "BTCUSDT", "p": "67196.10", "q": "0.004", "nq": "0.004", "f": 7401225568, "l": 7401225568, "T": 1772933889714, "m": true}}
{"local_ts": 1772933891777, "server_ts": 1772933889717, "data": {"e": "aggTrade", "E": 1772933889717, "a": 3185351080, "s": "BTCUSDT", "p": "67196.00", "q": "0.002", "nq": "0.002", "f": 7401225569, "l": 7401225569, "T": 1772933889714, "m": true}}
{"local_ts": 1772933891778, "server_ts": 1772933889717, "data": {"e": "aggTrade", "E": 1772933889717, "a": 3185351081, "s": "BTCUSDT", "p": "67195.90", "q": "0.002", "nq": "0.002", "f": 7401225570, "l": 7401225570, "T": 1772933889714, "m": true}}
{"local_ts": 1772933891778, "server_ts": 1772933889717, "data": {"e": "aggTrade", "E": 1772933889717, "a": 3185351082, "s": "BTCUSDT", "p": "67195.70", "q": "0.003", "nq": "0.003", "f": 7401225571, "l": 7401225572, "T": 1772933889714, "m": true}}
{"local_ts": 1772933891779, "server_ts": 1772933889720, "data": {"e": "aggTrade", "E": 1772933889720, "a": 3185351083, "s": "BTCUSDT", "p": "67195.60", "q": "0.019", "nq": "0.019", "f": 7401225573, "l": 7401225574, "T": 1772933889714, "m": true}}
{"local_ts": 1772933891779, "server_ts": 1772933889720, "data": {"e": "aggTrade", "E": 1772933889720, "a": 3185351084, "s": "BTCUSDT", "p": "67195.60", "q": "0.002", "nq": "0.002", "f": 7401225575, "l": 7401225575, "T": 1772933889715, "m": false}}
{"local_ts": 1772933891779, "server_ts": 1772933889720, "data": {"e": "aggTrade", "E": 1772933889720, "a": 3185351085, "s": "BTCUSDT", "p": "67195.50", "q": "0.004", "nq": "0.004", "f": 7401225576, "l": 7401225576, "T": 1772933889716, "m": true}}
{"local_ts": 1772933891779, "server_ts": 1772933889720, "data": {"e": "aggTrade", "E": 1772933889720, "a": 3185351086, "s": "BTCUSDT", "p": "67195.40", "q": "0.012", "nq": "0.012", "f": 7401225577, "l": 7401225579, "T": 1772933889716, "m": true}}
{"local_ts": 1772933891780, "server_ts": 1772933889720, "data": {"e": "aggTrade", "E": 1772933889720, "a": 3185351087, "s": "BTCUSDT", "p": "67195.20", "q": "0.001", "nq": "0.001", "f": 7401225580, "l": 7401225580, "T": 1772933889716, "m": true}}
{"local_ts": 1772933891780, "server_ts": 1772933889720, "data": {"e": "aggTrade", "E": 1772933889720, "a": 3185351088, "s": "BTCUSDT", "p": "67195.10", "q": "0.004", "nq": "0.004", "f": 7401225581, "l": 7401225581, "T": 1772933889716, "m": true}}
{"local_ts": 1772933891787, "server_ts": 1772933889729, "data": {"e": "aggTrade", "E": 1772933889729, "a": 3185351089, "s": "BTCUSDT", "p": "67195.00", "q": "0.090", "nq": "0.090", "f": 7401225582, "l": 7401225584, "T": 1772933889716, "m": true}}
{"local_ts": 1772933891820, "server_ts": 1772933889738, "data": {"e": "aggTrade", "E": 1772933889738, "a": 3185351090, "s": "BTCUSDT", "p": "67194.80", "q": "0.002", "nq": "0.002", "f": 7401225585, "l": 7401225585, "T": 1772933889724, "m": true}}
{"local_ts": 1772933891821, "server_ts": 1772933889742, "data": {"e": "aggTrade", "E": 1772933889742, "a": 3185351091, "s": "BTCUSDT", "p": "67194.60", "q": "0.074", "nq": "0.074", "f": 7401225586, "l": 7401225589, "T": 1772933889733, "m": true}}
{"local_ts": 1772933891821, "server_ts": 1772933889747, "data": {"e": "aggTrade", "E": 1772933889747, "a": 3185351092, "s": "BTCUSDT", "p": "67194.30", "q": "0.038", "nq": "0.038", "f": 7401225590, "l": 7401225594, "T": 1772933889737, "m": true}}
{"local_ts": 1772933891822, "server_ts": 1772933889747, "data": {"e": "aggTrade", "E": 1772933889747, "a": 3185351093, "s": "BTCUSDT", "p": "67194.20", "q": "0.019", "nq": "0.019", "f": 7401225595, "l": 7401225598, "T": 1772933889742, "m": true}}
{"local_ts": 1772933891822, "server_ts": 1772933889747, "data": {"e": "aggTrade", "E": 1772933889747, "a": 3185351094, "s": "BTCUSDT", "p": "67194.10", "q": "0.002", "nq": "0.002", "f": 7401225599, "l": 7401225599, "T": 1772933889742, "m": true}}
{"local_ts": 1772933891822, "server_ts": 1772933889747, "data": {"e": "aggTrade", "E": 1772933889747, "a": 3185351095, "s": "BTCUSDT", "p": "67194.00", "q": "0.002", "nq": "0.002", "f": 7401225600, "l": 7401225600, "T": 1772933889742, "m": true}}
{"local_ts": 1772933891822, "server_ts": 1772933889747, "data": {"e": "aggTrade", "E": 1772933889747, "a": 3185351096, "s": "BTCUSDT", "p": "67193.90", "q": "0.004", "nq": "0.004", "f": 7401225601, "l": 7401225601, "T": 1772933889742, "m": true}}
{"local_ts": 1772933891823, "server_ts": 1772933889751, "data": {"e": "aggTrade", "E": 1772933889751, "a": 3185351097, "s": "BTCUSDT", "p": "67193.70", "q": "0.002", "nq": "0.002", "f": 7401225602, "l": 7401225602, "T": 1772933889742, "m": true}}
{"local_ts": 1772933891959, "server_ts": 1772933889902, "data": {"e": "aggTrade", "E": 1772933889902, "a": 3185351098, "s": "BTCUSDT", "p": "67193.60", "q": "0.029", "nq": "0.029", "f": 7401225603, "l": 7401225605, "T": 1772933889746, "m": true}}
{"local_ts": 1772933892866, "server_ts": 1772933890810, "data": {"e": "aggTrade", "E": 1772933890810, "a": 3185351099, "s": "BTCUSDT", "p": "67193.70", "q": "0.010", "nq": "0.010", "f": 7401225606, "l": 7401225606, "T": 1772933890656, "m": false}}
{"local_ts": 1772933893401, "server_ts": 1772933891343, "data": {"e": "aggTrade", "E": 1772933891343, "a": 3185351100, "s": "BTCUSDT", "p": "67193.60", "q": "0.002", "nq": "0.002", "f": 7401225607, "l": 7401225607, "T": 1772933891191, "m": true}}
{"local_ts": 1772933893873, "server_ts": 1772933891815, "data": {"e": "aggTrade", "E": 1772933891815, "a": 3185351101, "s": "BTCUSDT", "p": "67193.60", "q": "0.502", "nq": "0.502", "f": 7401225608, "l": 7401225610, "T": 1772933891663, "m": true}}
{"local_ts": 1772933894108, "server_ts": 1772933892049, "data": {"e": "aggTrade", "E": 1772933892049, "a": 3185351102, "s": "BTCUSDT", "p": "67193.60", "q": "0.012", "nq": "0.012", "f": 7401225611, "l": 7401225611, "T": 1772933891896, "m": true}}
{"local_ts": 1772933894265, "server_ts": 1772933892201, "data": {"e": "aggTrade", "E": 1772933892201, "a": 3185351103, "s": "BTCUSDT", "p": "67193.70", "q": "0.089", "nq": "0.089", "f": 7401225612, "l": 7401225612, "T": 1772933892048, "m": false}}
{"local_ts": 1772933895202, "server_ts": 1772933893144, "data": {"e": "aggTrade", "E": 1772933893144, "a": 3185351104, "s": "BTCUSDT", "p": "67193.60", "q": "0.500", "nq": "0.500", "f": 7401225613, "l": 7401225614, "T": 1772933892991, "m": true}}
{"local_ts": 1772933895439, "server_ts": 1772933893369, "data": {"e": "aggTrade", "E": 1772933893369, "a": 3185351105, "s": "BTCUSDT", "p": "67193.70", "q": "0.002", "nq": "0.002", "f": 7401225615, "l": 7401225615, "T": 1772933893217, "m": false}}
{"local_ts": 1772933895581, "server_ts": 1772933893523, "data": {"e": "aggTrade", "E": 1772933893523, "a": 3185351106, "s": "BTCUSDT", "p": "67193.60", "q": "0.037", "nq": "0.037", "f": 7401225616, "l": 7401225618, "T": 1772933893369, "m": true}}
{"local_ts": 1772933895813, "server_ts": 1772933893756, "data": {"e": "aggTrade", "E": 1772933893756, "a": 3185351107, "s": "BTCUSDT", "p": "67193.60", "q": "0.042", "nq": "0.042", "f": 7401225619, "l": 7401225619, "T": 1772933893602, "m": true}}
{"local_ts": 1772933896112, "server_ts": 1772933894054, "data": {"e": "aggTrade", "E": 1772933894054, "a": 3185351108, "s": "BTCUSDT", "p": "67193.70", "q": "0.623", "nq": "0.623", "f": 7401225620, "l": 7401225623, "T": 1772933893901, "m": false}}
{"local_ts": 1772933896363, "server_ts": 1772933894305, "data": {"e": "aggTrade", "E": 1772933894305, "a": 3185351109, "s": "BTCUSDT", "p": "67193.60", "q": "0.037", "nq": "0.037", "f": 7401225624, "l": 7401225624, "T": 1772933894153, "m": true}}
{"local_ts": 1772933896681, "server_ts": 1772933894620, "data": {"e": "aggTrade", "E": 1772933894620, "a": 3185351110, "s": "BTCUSDT", "p": "67193.60", "q": "0.007", "nq": "0.007", "f": 7401225625, "l": 7401225626, "T": 1772933894467, "m": true}}
{"local_ts": 1772933896961, "server_ts": 1772933894903, "data": {"e": "aggTrade", "E": 1772933894903, "a": 3185351111, "s": "BTCUSDT", "p": "67193.70", "q": "0.020", "nq": "0.020", "f": 7401225627, "l": 7401225628, "T": 1772933894749, "m": false}}
{"local_ts": 1772933897139, "server_ts": 1772933895080, "data": {"e": "aggTrade", "E": 1772933895080, "a": 3185351112, "s": "BTCUSDT", "p": "67193.60", "q": "0.009", "nq": "0.009", "f": 7401225629, "l": 7401225629, "T": 1772933894928, "m": true}}
{"local_ts": 1772933897344, "server_ts": 1772933895285, "data": {"e": "aggTrade", "E": 1772933895285, "a": 3185351113, "s": "BTCUSDT", "p": "67193.60", "q": "0.013", "nq": "0.013", "f": 7401225630, "l": 7401225630, "T": 1772933895173, "m": true}}
{"local_ts": 1772933897494, "server_ts": 1772933895436, "data": {"e": "aggTrade", "E": 1772933895436, "a": 3185351114, "s": "BTCUSDT", "p": "67193.70", "q": "0.002", "nq": "0.002", "f": 7401225631, "l": 7401225631, "T": 1772933895283, "m": false}}
{"local_ts": 1772933897671, "server_ts": 1772933895613, "data": {"e": "aggTrade", "E": 1772933895613, "a": 3185351115, "s": "BTCUSDT", "p": "67193.60", "q": "0.222", "nq": "0.222", "f": 7401225632, "l": 7401225633, "T": 1772933895460, "m": true}}
{"local_ts": 1772933898046, "server_ts": 1772933895987, "data": {"e": "aggTrade", "E": 1772933895987, "a": 3185351116, "s": "BTCUSDT", "p": "67193.70", "q": "0.002", "nq": "0.002", "f": 7401225634, "l": 7401225634, "T": 1772933895834, "m": false}}
{"local_ts": 1772933898271, "server_ts": 1772933896213, "data": {"e": "aggTrade", "E": 1772933896213, "a": 3185351117, "s": "BTCUSDT", "p": "67193.60", "q": "0.002", "nq": "0.002", "f": 7401225635, "l": 7401225635, "T": 1772933896060, "m": true}}
{"local_ts": 1772933898436, "server_ts": 1772933896378, "data": {"e": "aggTrade", "E": 1772933896378, "a": 3185351118, "s": "BTCUSDT", "p": "67193.70", "q": "0.074", "nq": "0.074", "f": 7401225636, "l": 7401225636, "T": 1772933896228, "m": false}}
