{"local_ts": 1773237571789, "server_ts": 1773237571458, "data": {"e": "aggTrade", "E": 1773237571595, "a": 3193648705, "s": "BTCUSDT", "p": "70132.40", "q": "0.025", "nq": "0.025", "f": 7420547995, "l": 7420548000, "T": 1773237571458, "m": true}}
{"local_ts": 1773237571915, "server_ts": 1773237571593, "data": {"e": "aggTrade", "E": 1773237571724, "a": 3193648706, "s": "BTCUSDT", "p": "70132.50", "q": "0.783", "nq": "0.783", "f": 7420548001, "l": 7420548001, "T": 1773237571593, "m": false}}
{"local_ts": 1773237572053, "server_ts": 1773237571722, "data": {"e": "aggTrade", "E": 1773237571856, "a": 3193648707, "s": "BTCUSDT", "p": "70132.40", "q": "0.006", "nq": "0.006", "f": 7420548002, "l": 7420548003, "T": 1773237571722, "m": true}}
{"local_ts": 1773237572198, "server_ts": 1773237571855, "data": {"e": "aggTrade", "E": 1773237572007, "a": 3193648708, "s": "BTCUSDT", "p": "70132.40", "q": "0.217", "nq": "0.217", "f": 7420548004, "l": 7420548006, "T": 1773237571855, "m": true}}
{"local_ts": 1773237572289, "server_ts": 1773237572062, "data": {"e": "aggTrade", "E": 1773237572097, "a": 3193648709, "s": "BTCUSDT", "p": "70132.50", "q": "0.002", "nq": "0.002", "f": 7420548008, "l": 7420548008, "T": 1773237572062, "m": false}}
{"local_ts": 1773237572440, "server_ts": 1773237572095, "data": {"e": "aggTrade", "E": 1773237572248, "a": 3193648710, "s": "BTCUSDT", "p": "70132.40", "q": "0.219", "nq": "0.219", "f": 7420548009, "l": 7420548009, "T": 1773237572095, "m": true}}
{"local_ts": 1773237572636, "server_ts": 1773237572317, "data": {"e": "aggTrade", "E": 1773237572444, "a": 3193648711, "s": "BTCUSDT", "p": "70132.40", "q": "0.064", "nq": "0.064", "f": 7420548011, "l": 7420548012, "T": 1773237572317, "m": true}}
{"local_ts": 1773237572645, "server_ts": 1773237572443, "data": {"e": "aggTrade", "E": 1773237572452, "a": 3193648712, "s": "BTCUSDT", "p": "70132.40", "q": "0.050", "nq": "0.050", "f": 7420548013, "l": 7420548013, "T": 1773237572443, "m": true}}
{"local_ts": 1773237572646, "server_ts": 1773237572447, "data": {"e": "aggTrade", "E": 1773237572452, "a": 3193648713, "s": "BTCUSDT", "p": "70132.50", "q": "1.334", "nq": "1.334", "f": 7420548014, "l": 7420548033, "T": 1773237572447, "m": false}}
{"local_ts": 1773237572646, "server_ts": 1773237572448, "data": {"e": "aggTrade", "E": 1773237572452, "a": 3193648714, "s": "BTCUSDT", "p": "70133.00", "q": "0.007", "nq": "0.007", "f": 7420548034, "l": 7420548036, "T": 1773237572448, "m": false}}
{"local_ts": 1773237572646, "server_ts": 1773237572448, "data": {"e": "aggTrade", "E": 1773237572452, "a": 3193648715, "s": "BTCUSDT", "p": "70133.30", "q": "0.002", "nq": "0.002", "f": 7420548037, "l": 7420548037, "T": 1773237572448, "m": false}}
{"local_ts": 1773237572647, "server_ts": 1773237572448, "data": {"e": "aggTrade", "E": 1773237572452, "a": 3193648716, "s": "BTCUSDT", "p": "70133.40", "q": "0.004", "nq": "0.004", "f": 7420548038, "l": 7420548038, "T": 1773237572448, "m": false}}
{"local_ts": 1773237572647, "server_ts": 1773237572448, "data": {"e": "aggTrade", "E": 1773237572452, "a": 3193648717, "s": "BTCUSDT", "p": "70133.50", "q": "0.004", "nq": "0.004", "f": 7420548039, "l": 7420548040, "T": 1773237572448, "m": false}}
{"local_ts": 1773237572647, "server_ts": 1773237572448, "data": {"e": "aggTrade", "E": 1773237572452, "a": 3193648718, "s": "BTCUSDT", "p": "70133.70", "q": "0.003", "nq": "0.003", "f": 7420548041, "l": 7420548041, "T": 1773237572448, "m": false}}
{"local_ts": 1773237572647, "server_ts": 1773237572448, "data": {"e": "aggTrade", "E": 1773237572452, "a": 3193648719, "s": "BTCUSDT", "p": "70133.80", "q": "0.004", "nq": "0.004", "f": 7420548042, "l": 7420548043, "T": 1773237572448, "m": false}}
{"local_ts": 1773237572648, "server_ts": 1773237572448, "data": {"e": "aggTrade", "E": 1773237572452, "a": 3193648720, "s": "BTCUSDT", "p": "70134.30", "q": "0.007", "nq": "0.007", "f": 7420548044, "l": 7420548045, "T": 1773237572448, "m": false}}
{"local_ts": 1773237572648, "server_ts": 1773237572448, "data": {"e": "aggTrade", "E": 1773237572452, "a": 3193648721, "s": "BTCUSDT", "p": "70134.60", "q": "0.002", "nq": "0.002", "f": 7420548046, "l": 7420548046, "T": 1773237572448, "m": false}}
{"local_ts": 1773237572648, "server_ts": 1773237572448, "data": {"e": "aggTrade", "E": 1773237572452, "a": 3193648722, "s": "BTCUSDT", "p": "70134.70", "q": "0.010", "nq": "0.010", "f": 7420548047, "l": 7420548048, "T": 1773237572448, "m": false}}
{"local_ts": 1773237572648, "server_ts": 1773237572448, "data": {"e": "aggTrade", "E": 1773237572452, "a": 3193648723, "s": "BTCUSDT", "p": "70134.80", "q": "0.003", "nq": "0.003", "f": 7420548049, "l": 7420548050, "T": 1773237572448, "m": false}}
{"local_ts": 1773237572649, "server_ts": 1773237572448, "data": {"e": "aggTrade", "E": 1773237572453, "a": 3193648724, "s": "BTCUSDT", "p": "70134.90", "q": "0.004", "nq": "0.004", "f": 7420548051, "l": 7420548051, "T": 1773237572448, "m": false}}
{"local_ts": 1773237572649, "server_ts": 1773237572448, "data": {"e": "aggTrade", "E": 1773237572453, "a": 3193648725, "s": "BTCUSDT", "p": "70135.00", "q": "0.002", "nq": "0.002", "f": 7420548052, "l": 7420548052, "T": 1773237572448, "m": false}}
{"local_ts": 1773237572649, "server_ts": 1773237572448, "data": {"e": "aggTrade", "E": 1773237572453, "a": 3193648726, "s": "BTCUSDT", "p": "70135.20", "q": "0.006", "nq": "0.006", "f": 7420548053, "l": 7420548055, "T": 1773237572448, "m": false}}
{"local_ts": 1773237572649, "server_ts": 1773237572448, "data": {"e": "aggTrade", "E": 1773237572453, "a": 3193648727, "s": "BTCUSDT", "p": "70135.30", "q": "0.002", "nq": "0.002", "f": 7420548056, "l": 7420548056, "T": 1773237572448, "m": false}}
{"local_ts": 1773237572650, "server_ts": 1773237572448, "data": {"e": "aggTrade", "E": 1773237572453, "a": 3193648728, "s": "BTCUSDT", "p": "70135.40", "q": "0.004", "nq": "0.004", "f": 7420548057, "l": 7420548057, "T": 1773237572448, "m": false}}
{"local_ts": 1773237572650, "server_ts": 1773237572448, "data": {"e": "aggTrade", "E": 1773237572453, "a": 3193648729, "s": "BTCUSDT", "p": "70135.70", "q": "0.001", "nq": "0.001", "f": 7420548058, "l": 7420548058, "T": 1773237572448, "m": false}}
{"local_ts": 1773237572654, "server_ts": 1773237572448, "data": {"e": "aggTrade", "E": 1773237572460, "a": 3193648730, "s": "BTCUSDT", "p": "70135.80", "q": "0.050", "nq": "0.050", "f": 7420548059, "l": 7420548060, "T": 1773237572448, "m": false}}
{"local_ts": 1773237572714, "server_ts": 1773237572457, "data": {"e": "aggTrade", "E": 1773237572520, "a": 3193648731, "s": "BTCUSDT", "p": "70136.00", "q": "0.059", "nq": "0.059", "f": 7420548061, "l": 7420548068, "T": 1773237572457, "m": false}}
{"local_ts": 1773237572773, "server_ts": 1773237572518, "data": {"e": "aggTrade", "E": 1773237572580, "a": 3193648732, "s": "BTCUSDT", "p": "70135.90", "q": "0.107", "nq": "0.107", "f": 7420548069, "l": 7420548071, "T": 1773237572518, "m": true}}
{"local_ts": 1773237572844, "server_ts": 1773237572576, "data": {"e": "aggTrade", "E": 1773237572652, "a": 3193648733, "s": "BTCUSDT", "p": "70136.00", "q": "0.025", "nq": "0.025", "f": 7420548072, "l": 7420548076, "T": 1773237572576, "m": false}}
{"local_ts": 1773237572888, "server_ts": 1773237572649, "data": {"e": "aggTrade", "E": 1773237572694, "a": 3193648734, "s": "BTCUSDT", "p": "70136.10", "q": "0.008", "nq": "0.008", "f": 7420548077, "l": 7420548077, "T": 1773237572649, "m": false}}
{"local_ts": 1773237572991, "server_ts": 1773237572692, "data": {"e": "aggTrade", "E": 1773237572796, "a": 3193648735, "s": "BTCUSDT", "p": "70136.00", "q": "0.057", "nq": "0.057", "f": 7420548078, "l": 7420548081, "T": 1773237572692, "m": true}}
{"local_ts": 1773237573142, "server_ts": 1773237572794, "data": {"e": "aggTrade", "E": 1773237572947, "a": 3193648736, "s": "BTCUSDT", "p": "70136.00", "q": "0.077", "nq": "0.077", "f": 7420548082, "l": 7420548083, "T": 1773237572794, "m": true}}
{"local_ts": 1773237573391, "server_ts": 1773237573044, "data": {"e": "aggTrade", "E": 1773237573198, "a": 3193648737, "s": "BTCUSDT", "p": "70136.10", "q": "0.344", "nq": "0.344", "f": 7420548084, "l": 7420548085, "T": 1773237573044, "m": false}}
{"local_ts": 1773237573547, "server_ts": 1773237573200, "data": {"e": "aggTrade", "E": 1773237573353, "a": 3193648738, "s": "BTCUSDT", "p": "70136.10", "q": "0.003", "nq": "0.003", "f": 7420548087, "l": 7420548087, "T": 1773237573200, "m": false}}
{"local_ts": 1773237573651, "server_ts": 1773237573361, "data": {"e": "aggTrade", "E": 1773237573453, "a": 3193648739, "s": "BTCUSDT", "p": "70136.00", "q": "0.001", "nq": "0.001", "f": 7420548088, "l": 7420548088, "T": 1773237573361, "m": true}}
{"local_ts": 1773237573713, "server_ts": 1773237573449, "data": {"e": "aggTrade", "E": 1773237573519, "a": 3193648740, "s": "BTCUSDT", "p": "70136.10", "q": "0.002", "nq": "0.002", "f": 7420548089, "l": 7420548089, "T": 1773237573449, "m": false}}
{"local_ts": 1773237573713, "server_ts": 1773237573517, "data": {"e": "aggTrade", "E": 1773237573519, "a": 3193648741, "s": "BTCUSDT", "p": "70136.00", "q": "5.246", "nq": "5.246", "f": 7420548090, "l": 7420548117, "T": 1773237573517, "m": true}}
{"local_ts": 1773237573714, "server_ts": 1773237573517, "data": {"e": "aggTrade", "E": 1773237573519, "a": 3193648742, "s": "BTCUSDT", "p": "70135.90", "q": "0.026", "nq": "0.026", "f": 7420548118, "l": 7420548120, "T": 1773237573517, "m": true}}
{"local_ts": 1773237573714, "server_ts": 1773237573517, "data": {"e": "aggTrade", "E": 1773237573519, "a": 3193648743, "s": "BTCUSDT", "p": "70135.70", "q": "0.002", "nq": "0.002", "f": 7420548121, "l": 7420548121, "T": 1773237573517, "m": true}}
{"local_ts": 1773237573714, "server_ts": 1773237573517, "data": {"e": "aggTrade", "E": 1773237573519, "a": 3193648744, "s": "BTCUSDT", "p": "70135.60", "q": "0.099", "nq": "0.099", "f": 7420548122, "l": 7420548122, "T": 1773237573517, "m": true}}
{"local_ts": 1773237573714, "server_ts": 1773237573517, "data": {"e": "aggTrade", "E": 1773237573519, "a": 3193648745, "s": "BTCUSDT", "p": "70135.30", "q": "0.002", "nq": "0.002", "f": 7420548123, "l": 7420548123, "T": 1773237573517, "m": true}}
{"local_ts": 1773237573714, "server_ts": 1773237573517, "data": {"e": "aggTrade", "E": 1773237573519, "a": 3193648746, "s": "BTCUSDT", "p": "70134.80", "q": "0.002", "nq": "0.002", "f": 7420548124, "l": 7420548124, "T": 1773237573517, "m": true}}
{"local_ts": 1773237573715, "server_ts": 1773237573517, "data": {"e": "aggTrade", "E": 1773237573519, "a": 3193648747, "s": "BTCUSDT", "p": "70134.60", "q": "0.037", "nq": "0.037", "f": 7420548125, "l": 7420548125, "T": 1773237573517, "m": true}}
{"local_ts": 1773237573715, "server_ts": 1773237573517, "data": {"e": "aggTrade", "E": 1773237573519, "a": 3193648748, "s": "BTCUSDT", "p": "70134.40", "q": "0.002", "nq": "0.002", "f": 7420548126, "l": 7420548126, "T": 1773237573517, "m": true}}
{"local_ts": 1773237573715, "server_ts": 1773237573517, "data": {"e": "aggTrade", "E": 1773237573519, "a": 3193648749, "s": "BTCUSDT", "p": "70134.10", "q": "0.004", "nq": "0.004", "f": 7420548127, "l": 7420548127, "T": 1773237573517, "m": true}}
{"local_ts": 1773237573715, "server_ts": 1773237573517, "data": {"e": "aggTrade", "E": 1773237573519, "a": 3193648750, "s": "BTCUSDT", "p": "70133.90", "q": "0.002", "nq": "0.002", "f": 7420548128, "l": 7420548128, "T": 1773237573517, "m": true}}
{"local_ts": 1773237573716, "server_ts": 1773237573517, "data": {"e": "aggTrade", "E": 1773237573519, "a": 3193648751, "s": "BTCUSDT", "p": "70133.80", "q": "0.002", "nq": "0.002", "f": 7420548129, "l": 7420548129, "T": 1773237573517, "m": true}}
{"local_ts": 1773237573716, "server_ts": 1773237573517, "data": {"e": "aggTrade", "E": 1773237573519, "a": 3193648752, "s": "BTCUSDT", "p": "70133.70", "q": "0.001", "nq": "0.001", "f": 7420548130, "l": 7420548130, "T": 1773237573517, "m": true}}
{"local_ts": 1773237573716, "server_ts": 1773237573517, "data": {"e": "aggTrade", "E": 1773237573519, "a": 3193648753, "s": "BTCUSDT", "p": "70133.60", "q": "0.049", "nq": "0.049", "f": 7420548131, "l": 7420548131, "T": 1773237573517, "m": true}}
{"local_ts": 1773237573716, "server_ts": 1773237573517, "data": {"e": "aggTrade", "E": 1773237573520, "a": 3193648754, "s": "BTCUSDT", "p": "70133.50", "q": "0.004", "nq": "0.004", "f": 7420548132, "l": 7420548132, "T": 1773237573517, "m": true}}
{"local_ts": 1773237573717, "server_ts": 1773237573517, "data": {"e": "aggTrade", "E": 1773237573520, "a": 3193648755, "s": "BTCUSDT", "p": "70133.20", "q": "0.002", "nq": "0.002", "f": 7420548133, "l": 7420548133, "T": 1773237573517, "m": true}}
{"local_ts": 1773237573717, "server_ts": 1773237573517, "data": {"e": "aggTrade", "E": 1773237573520, "a": 3193648756, "s": "BTCUSDT", "p": "70132.80", "q": "0.006", "nq": "0.006", "f": 7420548134, "l": 7420548135, "T": 1773237573517, "m": true}}
{"local_ts": 1773237573717, "server_ts": 1773237573517, "data": {"e": "aggTrade", "E": 1773237573524, "a": 3193648757, "s": "BTCUSDT", "p": "70132.60", "q": "0.028", "nq": "0.028", "f": 7420548136, "l": 7420548136, "T": 1773237573517, "m": true}}
{"local_ts": 1773237573842, "server_ts": 1773237573520, "data": {"e": "aggTrade", "E": 1773237573650, "a": 3193648758, "s": "BTCUSDT", "p": "70133.70", "q": "0.003", "nq": "0.003", "f": 7420548137, "l": 7420548137, "T": 1773237573520, "m": false}}
{"local_ts": 1773237573920, "server_ts": 1773237573647, "data": {"e": "aggTrade", "E": 1773237573727, "a": 3193648759, "s": "BTCUSDT", "p": "70133.70", "q": "0.082", "nq": "0.082", "f": 7420548138, "l": 7420548138, "T": 1773237573647, "m": false}}
{"local_ts": 1773237573998, "server_ts": 1773237573726, "data": {"e": "aggTrade", "E": 1773237573803, "a": 3193648760, "s": "BTCUSDT", "p": "70133.60", "q": "0.009", "nq": "0.009", "f": 7420548139, "l": 7420548141, "T": 1773237573726, "m": true}}
{"local_ts": 1773237574148, "server_ts": 1773237573801, "data": {"e": "aggTrade", "E": 1773237573954, "a": 3193648761, "s": "BTCUSDT", "p": "70133.70", "q": "0.500", "nq": "0.500", "f": 7420548142, "l": 7420548143, "T": 1773237573801, "m": false}}
{"local_ts": 1773237574307, "server_ts": 1773237574011, "data": {"e": "aggTrade", "E": 1773237574110, "a": 3193648762, "s": "BTCUSDT", "p": "70133.70", "q": "0.209", "nq": "0.209", "f": 7420548144, "l": 7420548144, "T": 1773237574011, "m": false}}
{"local_ts": 1773237574307, "server_ts": 1773237574106, "data": {"e": "aggTrade", "E": 1773237574110, "a": 3193648763, "s": "BTCUSDT", "p": "70133.60", "q": "0.790", "nq": "0.790", "f": 7420548145, "l": 7420548153, "T": 1773237574106, "m": true}}
{"local_ts": 1773237574308, "server_ts": 1773237574106, "data": {"e": "aggTrade", "E": 1773237574110, "a": 3193648764, "s": "BTCUSDT", "p": "70133.40", "q": "0.002", "nq": "0.002", "f": 7420548154, "l": 7420548154, "T": 1773237574106, "m": true}}
{"local_ts": 1773237574308, "server_ts": 1773237574106, "data": {"e": "aggTrade", "E": 1773237574110, "a": 3193648765, "s": "BTCUSDT", "p": "70132.50", "q": "0.002", "nq": "0.002", "f": 7420548155, "l": 7420548155, "T": 1773237574106, "m": true}}
{"local_ts": 1773237574309, "server_ts": 1773237574106, "data": {"e": "aggTrade", "E": 1773237574110, "a": 3193648766, "s": "BTCUSDT", "p": "70132.40", "q": "0.002", "nq": "0.002", "f": 7420548156, "l": 7420548156, "T": 1773237574106, "m": true}}
{"local_ts": 1773237574309, "server_ts": 1773237574106, "data": {"e": "aggTrade", "E": 1773237574110, "a": 3193648767, "s": "BTCUSDT", "p": "70132.10", "q": "0.002", "nq": "0.002", "f": 7420548157, "l": 7420548157, "T": 1773237574106, "m": true}}
{"local_ts": 1773237574309, "server_ts": 1773237574106, "data": {"e": "aggTrade", "E": 1773237574110, "a": 3193648768, "s": "BTCUSDT", "p": "70131.90", "q": "0.004", "nq": "0.004", "f": 7420548158, "l": 7420548158, "T": 1773237574106, "m": true}}
{"local_ts": 1773237574310, "server_ts": 1773237574106, "data": {"e": "aggTrade", "E": 1773237574110, "a": 3193648769, "s": "BTCUSDT", "p": "70131.80", "q": "0.002", "nq": "0.002", "f": 7420548159, "l": 7420548159, "T": 1773237574106, "m": true}}
{"local_ts": 1773237574310, "server_ts": 1773237574106, "data": {"e": "aggTrade", "E": 1773237574110, "a": 3193648770, "s": "BTCUSDT", "p": "70131.70", "q": "0.002", "nq": "0.002", "f": 7420548160, "l": 7420548160, "T": 1773237574106, "m": true}}
{"local_ts": 1773237574310, "server_ts": 1773237574106, "data": {"e": "aggTrade", "E": 1773237574110, "a": 3193648771, "s": "BTCUSDT", "p": "70131.60", "q": "0.002", "nq": "0.002", "f": 7420548161, "l": 7420548161, "T": 1773237574106, "m": true}}
{"local_ts": 1773237574311, "server_ts": 1773237574106, "data": {"e": "aggTrade", "E": 1773237574110, "a": 3193648772, "s": "BTCUSDT", "p": "70131.50", "q": "0.039", "nq": "0.039", "f": 7420548162, "l": 7420548162, "T": 1773237574106, "m": true}}
{"local_ts": 1773237574311, "server_ts": 1773237574106, "data": {"e": "aggTrade", "E": 1773237574110, "a": 3193648773, "s": "BTCUSDT", "p": "70131.40", "q": "0.004", "nq": "0.004", "f": 7420548163, "l": 7420548163, "T": 1773237574106, "m": true}}
{"local_ts": 1773237574311, "server_ts": 1773237574106, "data": {"e": "aggTrade", "E": 1773237574110, "a": 3193648774, "s": "BTCUSDT", "p": "70131.10", "q": "0.132", "nq": "0.132", "f": 7420548164, "l": 7420548166, "T": 1773237574106, "m": true}}
{"local_ts": 1773237574312, "server_ts": 1773237574106, "data": {"e": "aggTrade", "E": 1773237574110, "a": 3193648775, "s": "BTCUSDT", "p": "70130.90", "q": "0.002", "nq": "0.002", "f": 7420548167, "l": 7420548167, "T": 1773237574106, "m": true}}
{"local_ts": 1773237574312, "server_ts": 1773237574106, "data": {"e": "aggTrade", "E": 1773237574110, "a": 3193648776, "s": "BTCUSDT", "p": "70130.60", "q": "0.021", "nq": "0.021", "f": 7420548168, "l": 7420548170, "T": 1773237574106, "m": true}}
{"local_ts": 1773237574312, "server_ts": 1773237574106, "data": {"e": "aggTrade", "E": 1773237574110, "a": 3193648777, "s": "BTCUSDT", "p": "70130.50", "q": "0.001", "nq": "0.001", "f": 7420548171, "l": 7420548171, "T": 1773237574106, "m": true}}
{"local_ts": 1773237574313, "server_ts": 1773237574106, "data": {"e": "aggTrade", "E": 1773237574110, "a": 3193648778, "s": "BTCUSDT", "p": "70130.40", "q": "0.006", "nq": "0.006", "f": 7420548172, "l": 7420548174, "T": 1773237574106, "m": true}}
{"local_ts": 1773237574313, "server_ts": 1773237574106, "data": {"e": "aggTrade", "E": 1773237574110, "a": 3193648779, "s": "BTCUSDT", "p": "70130.10", "q": "0.002", "nq": "0.002", "f": 7420548175, "l": 7420548175, "T": 1773237574106, "m": true}}
{"local_ts": 1773237574313, "server_ts": 1773237574106, "data": {"e": "aggTrade", "E": 1773237574110, "a": 3193648780, "s": "BTCUSDT", "p": "70130.00", "q": "0.008", "nq": "0.008", "f": 7420548176, "l": 7420548177, "T": 1773237574106, "m": true}}
{"local_ts": 1773237574314, "server_ts": 1773237574106, "data": {"e": "aggTrade", "E": 1773237574110, "a": 3193648781, "s": "BTCUSDT", "p": "70129.60", "q": "0.002", "nq": "0.002", "f": 7420548178, "l": 7420548178, "T": 1773237574106, "m": true}}
{"local_ts": 1773237574314, "server_ts": 1773237574106, "data": {"e": "aggTrade", "E": 1773237574110, "a": 3193648782, "s": "BTCUSDT", "p": "70129.50", "q": "0.002", "nq": "0.002", "f": 7420548179, "l": 7420548179, "T": 1773237574106, "m": true}}
{"local_ts": 1773237574314, "server_ts": 1773237574106, "data": {"e": "aggTrade", "E": 1773237574110, "a": 3193648783, "s": "BTCUSDT", "p": "70129.40", "q": "0.177", "nq": "0.177", "f": 7420548180, "l": 7420548184, "T": 1773237574106, "m": true}}
{"local_ts": 1773237574315, "server_ts": 1773237574106, "data": {"e": "aggTrade", "E": 1773237574110, "a": 3193648784, "s": "BTCUSDT", "p": "70129.30", "q": "0.004", "nq": "0.004", "f": 7420548185, "l": 7420548185, "T": 1773237574106, "m": true}}
{"local_ts": 1773237574315, "server_ts": 1773237574106, "data": {"e": "aggTrade", "E": 1773237574110, "a": 3193648785, "s": "BTCUSDT", "p": "70128.90", "q": "0.007", "nq": "0.007", "f": 7420548186, "l": 7420548187, "T": 1773237574106, "m": true}}
{"local_ts": 1773237574315, "server_ts": 1773237574106, "data": {"e": "aggTrade", "E": 1773237574110, "a": 3193648786, "s": "BTCUSDT", "p": "70128.80", "q": "0.002", "nq": "0.002", "f": 7420548188, "l": 7420548188, "T": 1773237574106, "m": true}}
{"local_ts": 1773237574316, "server_ts": 1773237574106, "data": {"e": "aggTrade", "E": 1773237574110, "a": 3193648787, "s": "BTCUSDT", "p": "70128.60", "q": "0.004", "nq": "0.004", "f": 7420548189, "l": 7420548189, "T": 1773237574106, "m": true}}
{"local_ts": 1773237574316, "server_ts": 1773237574106, "data": {"e": "aggTrade", "E": 1773237574110, "a": 3193648788, "s": "BTCUSDT", "p": "70128.40", "q": "0.005", "nq": "0.005", "f": 7420548190, "l": 7420548191, "T": 1773237574106, "m": true}}
{"local_ts": 1773237574316, "server_ts": 1773237574106, "data": {"e": "aggTrade", "E": 1773237574111, "a": 3193648789, "s": "BTCUSDT", "p": "70128.30", "q": "0.007", "nq": "0.007", "f": 7420548192, "l": 7420548195, "T": 1773237574106, "m": true}}
{"local_ts": 1773237574318, "server_ts": 1773237574106, "data": {"e": "aggTrade", "E": 1773237574111, "a": 3193648790, "s": "BTCUSDT", "p": "70128.00", "q": "0.002", "nq": "0.002", "f": 7420548196, "l": 7420548196, "T": 1773237574106, "m": true}}
{"local_ts": 1773237574318, "server_ts": 1773237574106, "data": {"e": "aggTrade", "E": 1773237574111, "a": 3193648791, "s": "BTCUSDT", "p": "70127.90", "q": "0.002", "nq": "0.002", "f": 7420548197, "l": 7420548197, "T": 1773237574106, "m": true}}
{"local_ts": 1773237574318, "server_ts": 1773237574106, "data": {"e": "aggTrade", "E": 1773237574111, "a": 3193648792, "s": "BTCUSDT", "p": "70127.80", "q": "0.007", "nq": "0.007", "f": 7420548198, "l": 7420548200, "T": 1773237574106, "m": true}}
{"local_ts": 1773237574319, "server_ts": 1773237574106, "data": {"e": "aggTrade", "E": 1773237574111, "a": 3193648793, "s": "BTCUSDT", "p": "70127.50", "q": "0.005", "nq": "0.005", "f": 7420548201, "l": 7420548205, "T": 1773237574106, "m": true}}
{"local_ts": 1773237574319, "server_ts": 1773237574106, "data": {"e": "aggTrade", "E": 1773237574111, "a": 3193648794, "s": "BTCUSDT", "p": "70127.20", "q": "0.004", "nq": "0.004", "f": 7420548206, "l": 7420548207, "T": 1773237574106, "m": true}}
{"local_ts": 1773237574320, "server_ts": 1773237574106, "data": {"e": "aggTrade", "E": 1773237574111, "a": 3193648795, "s": "BTCUSDT", "p": "70127.10", "q": "0.008", "nq": "0.008", "f": 7420548208, "l": 7420548209, "T": 1773237574106, "m": true}}
{"local_ts": 1773237574320, "server_ts": 1773237574106, "data": {"e": "aggTrade", "E": 1773237574111, "a": 3193648796, "s": "BTCUSDT", "p": "70127.00", "q": "0.002", "nq": "0.002", "f": 7420548210, "l": 7420548210, "T": 1773237574106, "m": true}}
{"local_ts": 1773237574321, "server_ts": 1773237574106, "data": {"e": "aggTrade", "E": 1773237574111, "a": 3193648797, "s": "BTCUSDT", "p": "70126.90", "q": "0.643", "nq": "0.643", "f": 7420548211, "l": 7420548212, "T": 1773237574106, "m": true}}
{"local_ts": 1773237574321, "server_ts": 1773237574106, "data": {"e": "aggTrade", "E": 1773237574111, "a": 3193648798, "s": "BTCUSDT", "p": "70126.80", "q": "0.003", "nq": "0.003", "f": 7420548213, "l": 7420548214, "T": 1773237574106, "m": true}}
{"local_ts": 1773237574321, "server_ts": 1773237574106, "data": {"e": "aggTrade", "E": 1773237574111, "a": 3193648799, "s": "BTCUSDT", "p": "70126.70", "q": "0.004", "nq": "0.004", "f": 7420548215, "l": 7420548216, "T": 1773237574106, "m": true}}
{"local_ts": 1773237574322, "server_ts": 1773237574106, "data": {"e": "aggTrade", "E": 1773237574111, "a": 3193648800, "s": "BTCUSDT", "p": "70126.40", "q": "0.004", "nq": "0.004", "f": 7420548217, "l": 7420548217, "T": 1773237574106, "m": true}}
{"local_ts": 1773237574322, "server_ts": 1773237574106, "data": {"e": "aggTrade", "E": 1773237574111, "a": 3193648801, "s": "BTCUSDT", "p": "70126.20", "q": "0.003", "nq": "0.003", "f": 7420548218, "l": 7420548218, "T": 1773237574106, "m": true}}
{"local_ts": 1773237574323, "server_ts": 1773237574106, "data": {"e": "aggTrade", "E": 1773237574111, "a": 3193648802, "s": "BTCUSDT", "p": "70126.10", "q": "0.001", "nq": "0.001", "f": 7420548219, "l": 7420548219, "T": 1773237574106, "m": true}}
{"local_ts": 1773237574323, "server_ts": 1773237574106, "data": {"e": "aggTrade", "E": 1773237574111, "a": 3193648803, "s": "BTCUSDT", "p": "70126.00", "q": "0.100", "nq": "0.100", "f": 7420548220, "l": 7420548222, "T": 1773237574106, "m": true}}
{"local_ts": 1773237574323, "server_ts": 1773237574106, "data": {"e": "aggTrade", "E": 1773237574111, "a": 3193648804, "s": "BTCUSDT", "p": "70125.70", "q": "0.004", "nq": "0.004", "f": 7420548223, "l": 7420548223, "T": 1773237574106, "m": true}}
{"local_ts": 1773237574323, "server_ts": 1773237574106, "data": {"e": "aggTrade", "E": 1773237574111, "a": 3193648805, "s": "BTCUSDT", "p": "70125.40", "q": "0.065", "nq": "0.065", "f": 7420548224, "l": 7420548227, "T": 1773237574106, "m": true}}
{"local_ts": 1773237574324, "server_ts": 1773237574106, "data": {"e": "aggTrade", "E": 1773237574111, "a": 3193648806, "s": "BTCUSDT", "p": "70125.30", "q": "0.001", "nq": "0.001", "f": 7420548228, "l": 7420548228, "T": 1773237574106, "m": true}}
{"local_ts": 1773237574324, "server_ts": 1773237574106, "data": {"e": "aggTrade", "E": 1773237574111, "a": 3193648807, "s": "BTCUSDT", "p": "70125.10", "q": "0.004", "nq": "0.004", "f": 7420548229, "l": 7420548229, "T": 1773237574106, "m": true}}
{"local_ts": 1773237574324, "server_ts": 1773237574106, "data": {"e": "aggTrade", "E": 1773237574111, "a": 3193648808, "s": "BTCUSDT", "p": "70125.00", "q": "0.013", "nq": "0.013", "f": 7420548230, "l": 7420548234, "T": 1773237574106, "m": true}}
{"local_ts": 1773237574325, "server_ts": 1773237574106, "data": {"e": "aggTrade", "E": 1773237574111, "a": 3193648809, "s": "BTCUSDT", "p": "70124.60", "q": "0.002", "nq": "0.002", "f": 7420548235, "l": 7420548235, "T": 1773237574106, "m": true}}
{"local_ts": 1773237574325, "server_ts": 1773237574106, "data": {"e": "aggTrade", "E": 1773237574111, "a": 3193648810, "s": "BTCUSDT", "p": "70124.50", "q": "0.001", "nq": "0.001", "f": 7420548236, "l": 7420548236, "T": 1773237574106, "m": true}}
{"local_ts": 1773237574325, "server_ts": 1773237574106, "data": {"e": "aggTrade", "E": 1773237574111, "a": 3193648811, "s": "BTCUSDT", "p": "70124.40", "q": "0.014", "nq": "0.014", "f": 7420548237, "l": 7420548241, "T": 1773237574106, "m": true}}
{"local_ts": 1773237574326, "server_ts": 1773237574106, "data": {"e": "aggTrade", "E": 1773237574111, "a": 3193648812, "s": "BTCUSDT", "p": "70124.30", "q": "0.011", "nq": "0.011", "f": 7420548242, "l": 7420548244, "T": 1773237574106, "m": true}}
{"local_ts": 1773237574326, "server_ts": 1773237574106, "data": {"e": "aggTrade", "E": 1773237574111, "a": 3193648813, "s": "BTCUSDT", "p": "70124.20", "q": "0.002", "nq": "0.002", "f": 7420548245, "l": 7420548245, "T": 1773237574106, "m": true}}
{"local_ts": 1773237574327, "server_ts": 1773237574106, "data": {"e": "aggTrade", "E": 1773237574111, "a": 3193648814, "s": "BTCUSDT", "p": "70124.00", "q": "0.004", "nq": "0.004", "f": 7420548246, "l": 7420548247, "T": 1773237574106, "m": true}}
{"local_ts": 1773237574327, "server_ts": 1773237574106, "data": {"e": "aggTrade", "E": 1773237574111, "a": 3193648815, "s": "BTCUSDT", "p": "70123.90", "q": "0.003", "nq": "0.003", "f": 7420548248, "l": 7420548249, "T": 1773237574106, "m": true}}
{"local_ts": 1773237574327, "server_ts": 1773237574106, "data": {"e": "aggTrade", "E": 1773237574111, "a": 3193648816, "s": "BTCUSDT", "p": "70123.70", "q": "0.006", "nq": "0.006", "f": 7420548250, "l": 7420548251, "T": 1773237574106, "m": true}}
{"local_ts": 1773237574328, "server_ts": 1773237574106, "data": {"e": "aggTrade", "E": 1773237574111, "a": 3193648817, "s": "BTCUSDT", "p": "70123.50", "q": "0.003", "nq": "0.003", "f": 7420548252, "l": 7420548252, "T": 1773237574106, "m": true}}
{"local_ts": 1773237574328, "server_ts": 1773237574106, "data": {"e": "aggTrade", "E": 1773237574111, "a": 3193648818, "s": "BTCUSDT", "p": "70123.40", "q": "0.002", "nq": "0.002", "f": 7420548253, "l": 7420548253, "T": 1773237574106, "m": true}}
{"local_ts": 1773237574329, "server_ts": 1773237574106, "data": {"e": "aggTrade", "E": 1773237574111, "a": 3193648819, "s": "BTCUSDT", "p": "70123.30", "q": "0.002", "nq": "0.002", "f": 7420548254, "l": 7420548254, "T": 1773237574106, "m": true}}
{"local_ts": 1773237574329, "server_ts": 1773237574106, "data": {"e": "aggTrade", "E": 1773237574111, "a": 3193648820, "s": "BTCUSDT", "p": "70123.10", "q": "0.009", "nq": "0.009", "f": 7420548255, "l": 7420548255, "T": 1773237574106, "m": true}}
{"local_ts": 1773237574329, "server_ts": 1773237574106, "data": {"e": "aggTrade", "E": 1773237574111, "a": 3193648821, "s": "BTCUSDT", "p": "70123.00", "q": "0.005", "nq": "0.005", "f": 7420548256, "l": 7420548257, "T": 1773237574106, "m": true}}
{"local_ts": 1773237574330, "server_ts": 1773237574106, "data": {"e": "aggTrade", "E": 1773237574111, "a": 3193648822, "s": "BTCUSDT", "p": "70122.80", "q": "0.347", "nq": "0.347", "f": 7420548258, "l": 7420548259, "T": 1773237574106, "m": true}}
{"local_ts": 1773237574330, "server_ts": 1773237574106, "data": {"e": "aggTrade", "E": 1773237574111, "a": 3193648823, "s": "BTCUSDT", "p": "70122.70", "q": "0.035", "nq": "0.035", "f": 7420548260, "l": 7420548260, "T": 1773237574106, "m": true}}
{"local_ts": 1773237574330, "server_ts": 1773237574106, "data": {"e": "aggTrade", "E": 1773237574111, "a": 3193648824, "s": "BTCUSDT", "p": "70122.60", "q": "0.004", "nq": "0.004", "f": 7420548261, "l": 7420548262, "T": 1773237574106, "m": true}}
{"local_ts": 1773237574331, "server_ts": 1773237574106, "data": {"e": "aggTrade", "E": 1773237574111, "a": 3193648825, "s": "BTCUSDT", "p": "70122.40", "q": "0.001", "nq": "0.001", "f": 7420548263, "l": 7420548263, "T": 1773237574106, "m": true}}
{"local_ts": 1773237574331, "server_ts": 1773237574106, "data": {"e": "aggTrade", "E": 1773237574111, "a": 3193648826, "s": "BTCUSDT", "p": "70122.30", "q": "0.374", "nq": "0.374", "f": 7420548264, "l": 7420548265, "T": 1773237574106, "m": true}}
{"local_ts": 1773237574331, "server_ts": 1773237574106, "data": {"e": "aggTrade", "E": 1773237574111, "a": 3193648827, "s": "BTCUSDT", "p": "70122.00", "q": "0.002", "nq": "0.002", "f": 7420548266, "l": 7420548266, "T": 1773237574106, "m": true}}
{"local_ts": 1773237574332, "server_ts": 1773237574106, "data": {"e": "aggTrade", "E": 1773237574111, "a": 3193648828, "s": "BTCUSDT", "p": "70121.90", "q": "0.001", "nq": "0.001", "f": 7420548267, "l": 7420548267, "T": 1773237574106, "m": true}}
{"local_ts": 1773237574332, "server_ts": 1773237574106, "data": {"e": "aggTrade", "E": 1773237574111, "a": 3193648829, "s": "BTCUSDT", "p": "70121.80", "q": "0.006", "nq": "0.006", "f": 7420548268, "l": 7420548269, "T": 1773237574106, "m": true}}
{"local_ts": 1773237574332, "server_ts": 1773237574106, "data": {"e": "aggTrade", "E": 1773237574111, "a": 3193648830, "s": "BTCUSDT", "p": "70121.60", "q": "0.006", "nq": "0.006", "f": 7420548270, "l": 7420548271, "T": 1773237574106, "m": true}}
{"local_ts": 1773237574333, "server_ts": 1773237574106, "data": {"e": "aggTrade", "E": 1773237574111, "a": 3193648831, "s": "BTCUSDT", "p": "70121.50", "q": "0.009", "nq": "0.009", "f": 7420548272, "l": 7420548274, "T": 1773237574106, "m": true}}
{"local_ts": 1773237574333, "server_ts": 1773237574106, "data": {"e": "aggTrade", "E": 1773237574111, "a": 3193648832, "s": "BTCUSDT", "p": "70120.90", "q": "0.009", "nq": "0.009", "f": 7420548275, "l": 7420548278, "T": 1773237574106, "m": true}}
{"local_ts": 1773237574333, "server_ts": 1773237574106, "data": {"e": "aggTrade", "E": 1773237574111, "a": 3193648833, "s": "BTCUSDT", "p": "70120.80", "q": "0.002", "nq": "0.002", "f": 7420548279, "l": 7420548279, "T": 1773237574106, "m": true}}
{"local_ts": 1773237574334, "server_ts": 1773237574106, "data": {"e": "aggTrade", "E": 1773237574111, "a": 3193648834, "s": "BTCUSDT", "p": "70120.60", "q": "0.027", "nq": "0.027", "f": 7420548280, "l": 7420548281, "T": 1773237574106, "m": true}}
{"local_ts": 1773237574334, "server_ts": 1773237574106, "data": {"e": "aggTrade", "E": 1773237574111, "a": 3193648835, "s": "BTCUSDT", "p": "70120.40", "q": "0.073", "nq": "0.073", "f": 7420548282, "l": 7420548284, "T": 1773237574106, "m": true}}
{"local_ts": 1773237574334, "server_ts": 1773237574106, "data": {"e": "aggTrade", "E": 1773237574111, "a": 3193648836, "s": "BTCUSDT", "p": "70120.30", "q": "0.006", "nq": "0.006", "f": 7420548285, "l": 7420548286, "T": 1773237574106, "m": true}}
{"local_ts": 1773237574335, "server_ts": 1773237574106, "data": {"e": "aggTrade", "E": 1773237574111, "a": 3193648837, "s": "BTCUSDT", "p": "70120.20", "q": "0.025", "nq": "0.025", "f": 7420548287, "l": 7420548287, "T": 1773237574106, "m": true}}
{"local_ts": 1773237574335, "server_ts": 1773237574106, "data": {"e": "aggTrade", "E": 1773237574111, "a": 3193648838, "s": "BTCUSDT", "p": "70120.10", "q": "0.004", "nq": "0.004", "f": 7420548288, "l": 7420548289, "T": 1773237574106, "m": true}}
{"local_ts": 1773237574336, "server_ts": 1773237574106, "data": {"e": "aggTrade", "E": 1773237574111, "a": 3193648839, "s": "BTCUSDT", "p": "70120.00", "q": "0.078", "nq": "0.078", "f": 7420548290, "l": 7420548292, "T": 1773237574106, "m": true}}
{"local_ts": 1773237574336, "server_ts": 1773237574106, "data": {"e": "aggTrade", "E": 1773237574111, "a": 3193648840, "s": "BTCUSDT", "p": "70119.90", "q": "0.066", "nq": "0.066", "f": 7420548293, "l": 7420548297, "T": 1773237574106, "m": true}}
{"local_ts": 1773237574336, "server_ts": 1773237574106, "data": {"e": "aggTrade", "E": 1773237574111, "a": 3193648841, "s": "BTCUSDT", "p": "70119.80", "q": "0.023", "nq": "0.023", "f": 7420548298, "l": 7420548299, "T": 1773237574106, "m": true}}
{"local_ts": 1773237574337, "server_ts": 1773237574106, "data": {"e": "aggTrade", "E": 1773237574111, "a": 3193648842, "s": "BTCUSDT", "p": "70119.70", "q": "0.516", "nq": "0.516", "f": 7420548300, "l": 7420548301, "T": 1773237574106, "m": true}}
{"local_ts": 1773237574337, "server_ts": 1773237574106, "data": {"e": "aggTrade", "E": 1773237574111, "a": 3193648843, "s": "BTCUSDT", "p": "70119.60", "q": "0.295", "nq": "0.295", "f": 7420548302, "l": 7420548303, "T": 1773237574106, "m": true}}
{"local_ts": 1773237574337, "server_ts": 1773237574106, "data": {"e": "aggTrade", "E": 1773237574111, "a": 3193648844, "s": "BTCUSDT", "p": "70119.40", "q": "0.395", "nq": "0.395", "f": 7420548304, "l": 7420548306, "T": 1773237574106, "m": true}}
{"local_ts": 1773237574338, "server_ts": 1773237574106, "data": {"e": "aggTrade", "E": 1773237574111, "a": 3193648845, "s": "BTCUSDT", "p": "70119.30", "q": "0.027", "nq": "0.027", "f": 7420548307, "l": 7420548308, "T": 1773237574106, "m": true}}
{"local_ts": 1773237574338, "server_ts": 1773237574106, "data": {"e": "aggTrade", "E": 1773237574111, "a": 3193648846, "s": "BTCUSDT", "p": "70119.20", "q": "0.370", "nq": "0.370", "f": 7420548309, "l": 7420548313, "T": 1773237574106, "m": true}}
{"local_ts": 1773237574339, "server_ts": 1773237574106, "data": {"e": "aggTrade", "E": 1773237574111, "a": 3193648847, "s": "BTCUSDT", "p": "70119.10", "q": "0.004", "nq": "0.004", "f": 7420548314, "l": 7420548314, "T": 1773237574106, "m": true}}
{"local_ts": 1773237574339, "server_ts": 1773237574106, "data": {"e": "aggTrade", "E": 1773237574113, "a": 3193648848, "s": "BTCUSDT", "p": "70119.00", "q": "0.121", "nq": "0.121", "f": 7420548315, "l": 7420548316, "T": 1773237574106, "m": true}}
{"local_ts": 1773237574339, "server_ts": 1773237574109, "data": {"e": "aggTrade", "E": 1773237574115, "a": 3193648849, "s": "BTCUSDT", "p": "70127.00", "q": "0.002", "nq": "0.002", "f": 7420548317, "l": 7420548317, "T": 1773237574109, "m": true}}
{"local_ts": 1773237574340, "server_ts": 1773237574112, "data": {"e": "aggTrade", "E": 1773237574132, "a": 3193648850, "s": "BTCUSDT", "p": "70127.20", "q": "0.002", "nq": "0.002", "f": 7420548318, "l": 7420548318, "T": 1773237574112, "m": false}}
{"local_ts": 1773237574419, "server_ts": 1773237574129, "data": {"e": "aggTrade", "E": 1773237574181, "a": 3193648851, "s": "BTCUSDT", "p": "70127.10", "q": "0.037", "nq": "0.037", "f": 7420548319, "l": 7420548319, "T": 1773237574129, "m": false}}
{"local_ts": 1773237574420, "server_ts": 1773237574177, "data": {"e": "aggTrade", "E": 1773237574182, "a": 3193648852, "s": "BTCUSDT", "p": "70127.00", "q": "0.013", "nq": "0.013", "f": 7420548320, "l": 7420548322, "T": 1773237574177, "m": true}}
{"local_ts": 1773237574420, "server_ts": 1773237574177, "data": {"e": "aggTrade", "E": 1773237574182, "a": 3193648853, "s": "BTCUSDT", "p": "70126.50", "q": "0.002", "nq": "0.002", "f": 7420548323, "l": 7420548323, "T": 1773237574177, "m": true}}
{"local_ts": 1773237574421, "server_ts": 1773237574177, "data": {"e": "aggTrade", "E": 1773237574182, "a": 3193648854, "s": "BTCUSDT", "p": "70125.50", "q": "0.002", "nq": "0.002", "f": 7420548324, "l": 7420548324, "T": 1773237574177, "m": true}}
{"local_ts": 1773237574421, "server_ts": 1773237574177, "data": {"e": "aggTrade", "E": 1773237574184, "a": 3193648855, "s": "BTCUSDT", "p": "70125.40", "q": "0.002", "nq": "0.002", "f": 7420548325, "l": 7420548325, "T": 1773237574177, "m": true}}
{"local_ts": 1773237574422, "server_ts": 1773237574180, "data": {"e": "aggTrade", "E": 1773237574190, "a": 3193648856, "s": "BTCUSDT", "p": "70125.30", "q": "0.027", "nq": "0.027", "f": 7420548326, "l": 7420548329, "T": 1773237574180, "m": true}}
{"local_ts": 1773237574536, "server_ts": 1773237574189, "data": {"e": "aggTrade", "E": 1773237574341, "a": 3193648857, "s": "BTCUSDT", "p": "70125.40", "q": "0.013", "nq": "0.013", "f": 7420548330, "l": 7420548330, "T": 1773237574189, "m": false}}
{"local_ts": 1773237574814, "server_ts": 1773237574491, "data": {"e": "aggTrade", "E": 1773237574620, "a": 3193648858, "s": "BTCUSDT", "p": "70125.40", "q": "0.157", "nq": "0.157", "f": 7420548332, "l": 7420548335, "T": 1773237574491, "m": false}}
{"local_ts": 1773237574815, "server_ts": 1773237574617, "data": {"e": "aggTrade", "E": 1773237574620, "a": 3193648859, "s": "BTCUSDT", "p": "70125.40", "q": "1.776", "nq": "1.776", "f": 7420548336, "l": 7420548352, "T": 1773237574617, "m": false}}
{"local_ts": 1773237574816, "server_ts": 1773237574617, "data": {"e": "aggTrade", "E": 1773237574620, "a": 3193648860, "s": "BTCUSDT", "p": "70125.50", "q": "0.001", "nq": "0.001", "f": 7420548353, "l": 7420548353, "T": 1773237574617, "m": false}}
{"local_ts": 1773237574816, "server_ts": 1773237574617, "data": {"e": "aggTrade", "E": 1773237574620, "a": 3193648861, "s": "BTCUSDT", "p": "70125.70", "q": "0.002", "nq": "0.002", "f": 7420548354, "l": 7420548354, "T": 1773237574617, "m": false}}
{"local_ts": 1773237574817, "server_ts": 1773237574617, "data": {"e": "aggTrade", "E": 1773237574620, "a": 3193648862, "s": "BTCUSDT", "p": "70126.10", "q": "0.002", "nq": "0.002", "f": 7420548355, "l": 7420548355, "T": 1773237574617, "m": false}}
{"local_ts": 1773237574817, "server_ts": 1773237574617, "data": {"e": "aggTrade", "E": 1773237574620, "a": 3193648863, "s": "BTCUSDT", "p": "70127.10", "q": "0.004", "nq": "0.004", "f": 7420548356, "l": 7420548356, "T": 1773237574617, "m": false}}
{"local_ts": 1773237574817, "server_ts": 1773237574617, "data": {"e": "aggTrade", "E": 1773237574620, "a": 3193648864, "s": "BTCUSDT", "p": "70127.20", "q": "0.002", "nq": "0.002", "f": 7420548357, "l": 7420548357, "T": 1773237574617, "m": false}}
{"local_ts": 1773237574818, "server_ts": 1773237574617, "data": {"e": "aggTrade", "E": 1773237574620, "a": 3193648865, "s": "BTCUSDT", "p": "70127.40", "q": "0.002", "nq": "0.002", "f": 7420548358, "l": 7420548358, "T": 1773237574617, "m": false}}
{"local_ts": 1773237574819, "server_ts": 1773237574617, "data": {"e": "aggTrade", "E": 1773237574620, "a": 3193648866, "s": "BTCUSDT", "p": "70127.90", "q": "0.004", "nq": "0.004", "f": 7420548359, "l": 7420548359, "T": 1773237574617, "m": false}}
{"local_ts": 1773237574819, "server_ts": 1773237574617, "data": {"e": "aggTrade", "E": 1773237574620, "a": 3193648867, "s": "BTCUSDT", "p": "70128.30", "q": "0.002", "nq": "0.002", "f": 7420548360, "l": 7420548360, "T": 1773237574617, "m": false}}
{"local_ts": 1773237574820, "server_ts": 1773237574617, "data": {"e": "aggTrade", "E": 1773237574620, "a": 3193648868, "s": "BTCUSDT", "p": "70128.50", "q": "0.006", "nq": "0.006", "f": 7420548361, "l": 7420548362, "T": 1773237574617, "m": false}}
{"local_ts": 1773237574820, "server_ts": 1773237574617, "data": {"e": "aggTrade", "E": 1773237574620, "a": 3193648869, "s": "BTCUSDT", "p": "70128.70", "q": "0.002", "nq": "0.002", "f": 7420548363, "l": 7420548363, "T": 1773237574617, "m": false}}
{"local_ts": 1773237574821, "server_ts": 1773237574617, "data": {"e": "aggTrade", "E": 1773237574621, "a": 3193648870, "s": "BTCUSDT", "p": "70128.90", "q": "0.004", "nq": "0.004", "f": 7420548364, "l": 7420548364, "T": 1773237574617, "m": false}}
{"local_ts": 1773237574821, "server_ts": 1773237574617, "data": {"e": "aggTrade", "E": 1773237574621, "a": 3193648871, "s": "BTCUSDT", "p": "70129.40", "q": "0.002", "nq": "0.002", "f": 7420548365, "l": 7420548365, "T": 1773237574617, "m": false}}
{"local_ts": 1773237574822, "server_ts": 1773237574617, "data": {"e": "aggTrade", "E": 1773237574621, "a": 3193648872, "s": "BTCUSDT", "p": "70129.50", "q": "0.004", "nq": "0.004", "f": 7420548366, "l": 7420548366, "T": 1773237574617, "m": false}}
{"local_ts": 1773237574822, "server_ts": 1773237574617, "data": {"e": "aggTrade", "E": 1773237574621, "a": 3193648873, "s": "BTCUSDT", "p": "70129.90", "q": "0.004", "nq": "0.004", "f": 7420548367, "l": 7420548367, "T": 1773237574617, "m": false}}
{"local_ts": 1773237574822, "server_ts": 1773237574617, "data": {"e": "aggTrade", "E": 1773237574621, "a": 3193648874, "s": "BTCUSDT", "p": "70130.00", "q": "0.003", "nq": "0.003", "f": 7420548368, "l": 7420548369, "T": 1773237574617, "m": false}}
{"local_ts": 1773237574823, "server_ts": 1773237574617, "data": {"e": "aggTrade", "E": 1773237574621, "a": 3193648875, "s": "BTCUSDT", "p": "70130.10", "q": "0.002", "nq": "0.002", "f": 7420548370, "l": 7420548370, "T": 1773237574617, "m": false}}
{"local_ts": 1773237574823, "server_ts": 1773237574617, "data": {"e": "aggTrade", "E": 1773237574621, "a": 3193648876, "s": "BTCUSDT", "p": "70130.30", "q": "0.004", "nq": "0.004", "f": 7420548371, "l": 7420548371, "T": 1773237574617, "m": false}}
{"local_ts": 1773237574823, "server_ts": 1773237574617, "data": {"e": "aggTrade", "E": 1773237574621, "a": 3193648877, "s": "BTCUSDT", "p": "70130.40", "q": "0.004", "nq": "0.004", "f": 7420548372, "l": 7420548373, "T": 1773237574617, "m": false}}
{"local_ts": 1773237574824, "server_ts": 1773237574617, "data": {"e": "aggTrade", "E": 1773237574621, "a": 3193648878, "s": "BTCUSDT", "p": "70130.50", "q": "0.076", "nq": "0.076", "f": 7420548374, "l": 7420548375, "T": 1773237574617, "m": false}}
{"local_ts": 1773237574824, "server_ts": 1773237574617, "data": {"e": "aggTrade", "E": 1773237574621, "a": 3193648879, "s": "BTCUSDT", "p": "70130.60", "q": "0.016", "nq": "0.016", "f": 7420548376, "l": 7420548379, "T": 1773237574617, "m": false}}
{"local_ts": 1773237574824, "server_ts": 1773237574617, "data": {"e": "aggTrade", "E": 1773237574621, "a": 3193648880, "s": "BTCUSDT", "p": "70130.70", "q": "0.048", "nq": "0.048", "f": 7420548380, "l": 7420548383, "T": 1773237574617, "m": false}}
{"local_ts": 1773237574825, "server_ts": 1773237574617, "data": {"e": "aggTrade", "E": 1773237574621, "a": 3193648881, "s": "BTCUSDT", "p": "70130.80", "q": "0.002", "nq": "0.002", "f": 7420548384, "l": 7420548384, "T": 1773237574617, "m": false}}
{"local_ts": 1773237574825, "server_ts": 1773237574617, "data": {"e": "aggTrade", "E": 1773237574621, "a": 3193648882, "s": "BTCUSDT", "p": "70130.90", "q": "0.004", "nq": "0.004", "f": 7420548385, "l": 7420548385, "T": 1773237574617, "m": false}}
{"local_ts": 1773237574964, "server_ts": 1773237574617, "data": {"e": "aggTrade", "E": 1773237574772, "a": 3193648883, "s": "BTCUSDT", "p": "70131.30", "q": "0.037", "nq": "0.037", "f": 7420548386, "l": 7420548387, "T": 1773237574617, "m": false}}
{"local_ts": 1773237575076, "server_ts": 1773237574811, "data": {"e": "aggTrade", "E": 1773237574882, "a": 3193648884, "s": "BTCUSDT", "p": "70131.30", "q": "0.020", "nq": "0.020", "f": 7420548388, "l": 7420548388, "T": 1773237574811, "m": false}}
{"local_ts": 1773237575226, "server_ts": 1773237574879, "data": {"e": "aggTrade", "E": 1773237575033, "a": 3193648885, "s": "BTCUSDT", "p": "70131.20", "q": "0.118", "nq": "0.118", "f": 7420548389, "l": 7420548389, "T": 1773237574879, "m": true}}
{"local_ts": 1773237575322, "server_ts": 1773237575097, "data": {"e": "aggTrade", "E": 1773237575128, "a": 3193648886, "s": "BTCUSDT", "p": "70131.30", "q": "0.008", "nq": "0.008", "f": 7420548390, "l": 7420548390, "T": 1773237575097, "m": false}}
{"local_ts": 1773237575434, "server_ts": 1773237575126, "data": {"e": "aggTrade", "E": 1773237575241, "a": 3193648887, "s": "BTCUSDT", "p": "70131.20", "q": "0.604", "nq": "0.604", "f": 7420548391, "l": 7420548392, "T": 1773237575126, "m": true}}
{"local_ts": 1773237575588, "server_ts": 1773237575238, "data": {"e": "aggTrade", "E": 1773237575392, "a": 3193648888, "s": "BTCUSDT", "p": "70131.30", "q": "0.002", "nq": "0.002", "f": 7420548393, "l": 7420548393, "T": 1773237575238, "m": false}}
{"local_ts": 1773237575879, "server_ts": 1773237575622, "data": {"e": "aggTrade", "E": 1773237575687, "a": 3193648889, "s": "BTCUSDT", "p": "70131.20", "q": "0.008", "nq": "0.008", "f": 7420548395, "l": 7420548395, "T": 1773237575622, "m": true}}
{"local_ts": 1773237575971, "server_ts": 1773237575684, "data": {"e": "aggTrade", "E": 1773237575777, "a": 3193648890, "s": "BTCUSDT", "p": "70131.30", "q": "0.059", "nq": "0.059", "f": 7420548396, "l": 7420548398, "T": 1773237575684, "m": false}}
{"local_ts": 1773237575973, "server_ts": 1773237575776, "data": {"e": "aggTrade", "E": 1773237575779, "a": 3193648891, "s": "BTCUSDT", "p": "70131.20", "q": "0.655", "nq": "0.655", "f": 7420548399, "l": 7420548405, "T": 1773237575776, "m": true}}
{"local_ts": 1773237575974, "server_ts": 1773237575776, "data": {"e": "aggTrade", "E": 1773237575779, "a": 3193648892, "s": "BTCUSDT", "p": "70131.00", "q": "0.003", "nq": "0.003", "f": 7420548406, "l": 7420548406, "T": 1773237575776, "m": true}}
{"local_ts": 1773237575974, "server_ts": 1773237575776, "data": {"e": "aggTrade", "E": 1773237575779, "a": 3193648893, "s": "BTCUSDT", "p": "70130.70", "q": "0.002", "nq": "0.002", "f": 7420548407, "l": 7420548407, "T": 1773237575776, "m": true}}
{"local_ts": 1773237575975, "server_ts": 1773237575776, "data": {"e": "aggTrade", "E": 1773237575779, "a": 3193648894, "s": "BTCUSDT", "p": "70130.10", "q": "0.002", "nq": "0.002", "f": 7420548408, "l": 7420548408, "T": 1773237575776, "m": true}}
{"local_ts": 1773237575975, "server_ts": 1773237575776, "data": {"e": "aggTrade", "E": 1773237575779, "a": 3193648895, "s": "BTCUSDT", "p": "70129.70", "q": "0.002", "nq": "0.002", "f": 7420548409, "l": 7420548409, "T": 1773237575776, "m": true}}
{"local_ts": 1773237575975, "server_ts": 1773237575776, "data": {"e": "aggTrade", "E": 1773237575779, "a": 3193648896, "s": "BTCUSDT", "p": "70129.60", "q": "0.002", "nq": "0.002", "f": 7420548410, "l": 7420548410, "T": 1773237575776, "m": true}}
{"local_ts": 1773237575976, "server_ts": 1773237575776, "data": {"e": "aggTrade", "E": 1773237575779, "a": 3193648897, "s": "BTCUSDT", "p": "70129.50", "q": "0.103", "nq": "0.103", "f": 7420548411, "l": 7420548412, "T": 1773237575776, "m": true}}
{"local_ts": 1773237575976, "server_ts": 1773237575776, "data": {"e": "aggTrade", "E": 1773237575779, "a": 3193648898, "s": "BTCUSDT", "p": "70129.30", "q": "0.002", "nq": "0.002", "f": 7420548413, "l": 7420548413, "T": 1773237575776, "m": true}}
{"local_ts": 1773237575976, "server_ts": 1773237575776, "data": {"e": "aggTrade", "E": 1773237575779, "a": 3193648899, "s": "BTCUSDT", "p": "70129.00", "q": "0.002", "nq": "0.002", "f": 7420548414, "l": 7420548414, "T": 1773237575776, "m": true}}
{"local_ts": 1773237575977, "server_ts": 1773237575776, "data": {"e": "aggTrade", "E": 1773237575779, "a": 3193648900, "s": "BTCUSDT", "p": "70128.80", "q": "0.004", "nq": "0.004", "f": 7420548415, "l": 7420548415, "T": 1773237575776, "m": true}}
{"local_ts": 1773237575977, "server_ts": 1773237575776, "data": {"e": "aggTrade", "E": 1773237575779, "a": 3193648901, "s": "BTCUSDT", "p": "70128.10", "q": "0.004", "nq": "0.004", "f": 7420548416, "l": 7420548416, "T": 1773237575776, "m": true}}
{"local_ts": 1773237575977, "server_ts": 1773237575776, "data": {"e": "aggTrade", "E": 1773237575779, "a": 3193648902, "s": "BTCUSDT", "p": "70127.80", "q": "0.002", "nq": "0.002", "f": 7420548417, "l": 7420548417, "T": 1773237575776, "m": true}}
{"local_ts": 1773237575978, "server_ts": 1773237575776, "data": {"e": "aggTrade", "E": 1773237575779, "a": 3193648903, "s": "BTCUSDT", "p": "70127.60", "q": "0.002", "nq": "0.002", "f": 7420548418, "l": 7420548418, "T": 1773237575776, "m": true}}
{"local_ts": 1773237575978, "server_ts": 1773237575776, "data": {"e": "aggTrade", "E": 1773237575779, "a": 3193648904, "s": "BTCUSDT", "p": "70127.50", "q": "0.016", "nq": "0.016", "f": 7420548419, "l": 7420548419, "T": 1773237575776, "m": true}}
{"local_ts": 1773237575978, "server_ts": 1773237575776, "data": {"e": "aggTrade", "E": 1773237575779, "a": 3193648905, "s": "BTCUSDT", "p": "70127.40", "q": "0.004", "nq": "0.004", "f": 7420548420, "l": 7420548420, "T": 1773237575776, "m": true}}
{"local_ts": 1773237575979, "server_ts": 1773237575776, "data": {"e": "aggTrade", "E": 1773237575779, "a": 3193648906, "s": "BTCUSDT", "p": "70127.20", "q": "0.002", "nq": "0.002", "f": 7420548421, "l": 7420548421, "T": 1773237575776, "m": true}}
{"local_ts": 1773237576009, "server_ts": 1773237575776, "data": {"e": "aggTrade", "E": 1773237575814, "a": 3193648907, "s": "BTCUSDT", "p": "70127.00", "q": "0.022", "nq": "0.022", "f": 7420548422, "l": 7420548422, "T": 1773237575776, "m": true}}
{"local_ts": 1773237576130, "server_ts": 1773237575812, "data": {"e": "aggTrade", "E": 1773237575938, "a": 3193648908, "s": "BTCUSDT", "p": "70127.10", "q": "0.010", "nq": "0.010", "f": 7420548423, "l": 7420548423, "T": 1773237575812, "m": false}}
{"local_ts": 1773237576283, "server_ts": 1773237575935, "data": {"e": "aggTrade", "E": 1773237576089, "a": 3193648909, "s": "BTCUSDT", "p": "70127.00", "q": "0.060", "nq": "0.060", "f": 7420548424, "l": 7420548425, "T": 1773237575935, "m": true}}
{"local_ts": 1773237576454, "server_ts": 1773237576206, "data": {"e": "aggTrade", "E": 1773237576260, "a": 3193648910, "s": "BTCUSDT", "p": "70127.10", "q": "0.091", "nq": "0.091", "f": 7420548426, "l": 7420548426, "T": 1773237576206, "m": false}}
{"local_ts": 1773237576475, "server_ts": 1773237576257, "data": {"e": "aggTrade", "E": 1773237576280, "a": 3193648911, "s": "BTCUSDT", "p": "70127.00", "q": "0.018", "nq": "0.018", "f": 7420548427, "l": 7420548427, "T": 1773237576257, "m": true}}
{"local_ts": 1773237576573, "server_ts": 1773237576278, "data": {"e": "aggTrade", "E": 1773237576377, "a": 3193648912, "s": "BTCUSDT", "p": "70127.10", "q": "0.218", "nq": "0.218", "f": 7420548428, "l": 7420548432, "T": 1773237576278, "m": false}}
{"local_ts": 1773237576595, "server_ts": 1773237576376, "data": {"e": "aggTrade", "E": 1773237576402, "a": 3193648913, "s": "BTCUSDT", "p": "70127.00", "q": "1.179", "nq": "1.179", "f": 7420548433, "l": 7420548439, "T": 1773237576376, "m": true}}
{"local_ts": 1773237576657, "server_ts": 1773237576401, "data": {"e": "aggTrade", "E": 1773237576463, "a": 3193648914, "s": "BTCUSDT", "p": "70127.10", "q": "0.041", "nq": "0.041", "f": 7420548440, "l": 7420548440, "T": 1773237576401, "m": false}}
{"local_ts": 1773237576806, "server_ts": 1773237576461, "data": {"e": "aggTrade", "E": 1773237576614, "a": 3193648915, "s": "BTCUSDT", "p": "70127.00", "q": "0.019", "nq": "0.019", "f": 7420548442, "l": 7420548442, "T": 1773237576461, "m": true}}
{"local_ts": 1773237577073, "server_ts": 1773237576728, "data": {"e": "aggTrade", "E": 1773237576881, "a": 3193648916, "s": "BTCUSDT", "p": "70127.10", "q": "0.004", "nq": "0.004", "f": 7420548443, "l": 7420548443, "T": 1773237576728, "m": false}}
{"local_ts": 1773237577085, "server_ts": 1773237576884, "data": {"e": "aggTrade", "E": 1773237576892, "a": 3193648917, "s": "BTCUSDT", "p": "70127.10", "q": "0.195", "nq": "0.195", "f": 7420548444, "l": 7420548463, "T": 1773237576884, "m": false}}
{"local_ts": 1773237577086, "server_ts": 1773237576889, "data": {"e": "aggTrade", "E": 1773237576892, "a": 3193648918, "s": "BTCUSDT", "p": "70127.80", "q": "0.002", "nq": "0.002", "f": 7420548464, "l": 7420548464, "T": 1773237576889, "m": false}}
{"local_ts": 1773237577086, "server_ts": 1773237576889, "data": {"e": "aggTrade", "E": 1773237576892, "a": 3193648919, "s": "BTCUSDT", "p": "70128.20", "q": "0.004", "nq": "0.004", "f": 7420548465, "l": 7420548466, "T": 1773237576889, "m": false}}
{"local_ts": 1773237577087, "server_ts": 1773237576889, "data": {"e": "aggTrade", "E": 1773237576892, "a": 3193648920, "s": "BTCUSDT", "p": "70128.60", "q": "0.002", "nq": "0.002", "f": 7420548467, "l": 7420548467, "T": 1773237576889, "m": false}}
{"local_ts": 1773237577087, "server_ts": 1773237576889, "data": {"e": "aggTrade", "E": 1773237576892, "a": 3193648921, "s": "BTCUSDT", "p": "70128.90", "q": "0.006", "nq": "0.006", "f": 7420548468, "l": 7420548469, "T": 1773237576889, "m": false}}
{"local_ts": 1773237577088, "server_ts": 1773237576889, "data": {"e": "aggTrade", "E": 1773237576892, "a": 3193648922, "s": "BTCUSDT", "p": "70129.30", "q": "0.002", "nq": "0.002", "f": 7420548470, "l": 7420548470, "T": 1773237576889, "m": false}}
{"local_ts": 1773237577091, "server_ts": 1773237576889, "data": {"e": "aggTrade", "E": 1773237576899, "a": 3193648923, "s": "BTCUSDT", "p": "70129.40", "q": "0.004", "nq": "0.004", "f": 7420548471, "l": 7420548471, "T": 1773237576889, "m": false}}
{"local_ts": 1773237577242, "server_ts": 1773237576897, "data": {"e": "aggTrade", "E": 1773237577050, "a": 3193648924, "s": "BTCUSDT", "p": "70129.90", "q": "0.005", "nq": "0.005", "f": 7420548472, "l": 7420548472, "T": 1773237576897, "m": true}}
{"local_ts": 1773237577340, "server_ts": 1773237577092, "data": {"e": "aggTrade", "E": 1773237577148, "a": 3193648925, "s": "BTCUSDT", "p": "70129.90", "q": "0.009", "nq": "0.009", "f": 7420548473, "l": 7420548473, "T": 1773237577092, "m": true}}
{"local_ts": 1773237577457, "server_ts": 1773237577147, "data": {"e": "aggTrade", "E": 1773237577265, "a": 3193648926, "s": "BTCUSDT", "p": "70130.00", "q": "0.128", "nq": "0.128", "f": 7420548474, "l": 7420548483, "T": 1773237577147, "m": false}}
{"local_ts": 1773237577497, "server_ts": 1773237577263, "data": {"e": "aggTrade", "E": 1773237577304, "a": 3193648927, "s": "BTCUSDT", "p": "70130.00", "q": "0.013", "nq": "0.013", "f": 7420548484, "l": 7420548487, "T": 1773237577263, "m": false}}
{"local_ts": 1773237577648, "server_ts": 1773237577303, "data": {"e": "aggTrade", "E": 1773237577455, "a": 3193648928, "s": "BTCUSDT", "p": "70129.90", "q": "0.007", "nq": "0.007", "f": 7420548488, "l": 7420548488, "T": 1773237577303, "m": true}}
{"local_ts": 1773237577890, "server_ts": 1773237577684, "data": {"e": "aggTrade", "E": 1773237577698, "a": 3193648929, "s": "BTCUSDT", "p": "70129.90", "q": "0.081", "nq": "0.081", "f": 7420548490, "l": 7420548490, "T": 1773237577684, "m": true}}
{"local_ts": 1773237577940, "server_ts": 1773237577696, "data": {"e": "aggTrade", "E": 1773237577745, "a": 3193648930, "s": "BTCUSDT", "p": "70130.00", "q": "0.002", "nq": "0.002", "f": 7420548491, "l": 7420548491, "T": 1773237577696, "m": false}}
{"local_ts": 1773237577984, "server_ts": 1773237577744, "data": {"e": "aggTrade", "E": 1773237577792, "a": 3193648931, "s": "BTCUSDT", "p": "70129.90", "q": "0.005", "nq": "0.005", "f": 7420548492, "l": 7420548492, "T": 1773237577744, "m": true}}
{"local_ts": 1773237577985, "server_ts": 1773237577789, "data": {"e": "aggTrade", "E": 1773237577792, "a": 3193648932, "s": "BTCUSDT", "p": "70130.00", "q": "0.038", "nq": "0.038", "f": 7420548493, "l": 7420548501, "T": 1773237577789, "m": false}}
{"local_ts": 1773237577986, "server_ts": 1773237577789, "data": {"e": "aggTrade", "E": 1773237577792, "a": 3193648933, "s": "BTCUSDT", "p": "70130.10", "q": "0.002", "nq": "0.002", "f": 7420548502, "l": 7420548502, "T": 1773237577789, "m": false}}
{"local_ts": 1773237577986, "server_ts": 1773237577789, "data": {"e": "aggTrade", "E": 1773237577792, "a": 3193648934, "s": "BTCUSDT", "p": "70130.20", "q": "0.008", "nq": "0.008", "f": 7420548503, "l": 7420548503, "T": 1773237577789, "m": false}}
{"local_ts": 1773237577987, "server_ts": 1773237577789, "data": {"e": "aggTrade", "E": 1773237577795, "a": 3193648935, "s": "BTCUSDT", "p": "70130.30", "q": "0.002", "nq": "0.002", "f": 7420548504, "l": 7420548504, "T": 1773237577789, "m": false}}
{"local_ts": 1773237577988, "server_ts": 1773237577791, "data": {"e": "aggTrade", "E": 1773237577797, "a": 3193648936, "s": "BTCUSDT", "p": "70130.40", "q": "0.027", "nq": "0.027", "f": 7420548505, "l": 7420548507, "T": 1773237577791, "m": false}}
{"local_ts": 1773237578006, "server_ts": 1773237577794, "data": {"e": "aggTrade", "E": 1773237577814, "a": 3193648937, "s": "BTCUSDT", "p": "70130.70", "q": "0.072", "nq": "0.072", "f": 7420548508, "l": 7420548513, "T": 1773237577794, "m": false}}
{"local_ts": 1773237578009, "server_ts": 1773237577812, "data": {"e": "aggTrade", "E": 1773237577817, "a": 3193648938, "s": "BTCUSDT", "p": "70130.80", "q": "0.002", "nq": "0.002", "f": 7420548514, "l": 7420548515, "T": 1773237577812, "m": false}}
{"local_ts": 1773237578009, "server_ts": 1773237577815, "data": {"e": "aggTrade", "E": 1773237577817, "a": 3193648939, "s": "BTCUSDT", "p": "70130.90", "q": "0.021", "nq": "0.021", "f": 7420548516, "l": 7420548516, "T": 1773237577815, "m": false}}
{"local_ts": 1773237578028, "server_ts": 1773237577815, "data": {"e": "aggTrade", "E": 1773237577837, "a": 3193648940, "s": "BTCUSDT", "p": "70131.30", "q": "0.007", "nq": "0.007", "f": 7420548517, "l": 7420548517, "T": 1773237577815, "m": false}}
{"local_ts": 1773237578028, "server_ts": 1773237577835, "data": {"e": "aggTrade", "E": 1773237577837, "a": 3193648941, "s": "BTCUSDT", "p": "70131.80", "q": "0.118", "nq": "0.118", "f": 7420548518, "l": 7420548523, "T": 1773237577835, "m": false}}
{"local_ts": 1773237578029, "server_ts": 1773237577835, "data": {"e": "aggTrade", "E": 1773237577837, "a": 3193648942, "s": "BTCUSDT", "p": "70132.10", "q": "0.004", "nq": "0.004", "f": 7420548524, "l": 7420548525, "T": 1773237577835, "m": false}}
{"local_ts": 1773237578029, "server_ts": 1773237577835, "data": {"e": "aggTrade", "E": 1773237577837, "a": 3193648943, "s": "BTCUSDT", "p": "70132.40", "q": "0.004", "nq": "0.004", "f": 7420548526, "l": 7420548527, "T": 1773237577835, "m": false}}
{"local_ts": 1773237578030, "server_ts": 1773237577835, "data": {"e": "aggTrade", "E": 1773237577837, "a": 3193648944, "s": "BTCUSDT", "p": "70132.50", "q": "0.013", "nq": "0.013", "f": 7420548528, "l": 7420548530, "T": 1773237577835, "m": false}}
{"local_ts": 1773237578032, "server_ts": 1773237577835, "data": {"e": "aggTrade", "E": 1773237577839, "a": 3193648945, "s": "BTCUSDT", "p": "70132.70", "q": "0.004", "nq": "0.004", "f": 7420548531, "l": 7420548531, "T": 1773237577835, "m": false}}
{"local_ts": 1773237578032, "server_ts": 1773237577835, "data": {"e": "aggTrade", "E": 1773237577839, "a": 3193648946, "s": "BTCUSDT", "p": "70132.90", "q": "0.002", "nq": "0.002", "f": 7420548532, "l": 7420548532, "T": 1773237577835, "m": false}}
{"local_ts": 1773237578035, "server_ts": 1773237577835, "data": {"e": "aggTrade", "E": 1773237577843, "a": 3193648947, "s": "BTCUSDT", "p": "70133.00", "q": "0.003", "nq": "0.003", "f": 7420548533, "l": 7420548533, "T": 1773237577835, "m": false}}
{"local_ts": 1773237578036, "server_ts": 1773237577838, "data": {"e": "aggTrade", "E": 1773237577843, "a": 3193648948, "s": "BTCUSDT", "p": "70133.50", "q": "0.002", "nq": "0.002", "f": 7420548534, "l": 7420548534, "T": 1773237577838, "m": false}}
{"local_ts": 1773237578036, "server_ts": 1773237577838, "data": {"e": "aggTrade", "E": 1773237577843, "a": 3193648949, "s": "BTCUSDT", "p": "70133.70", "q": "0.002", "nq": "0.002", "f": 7420548535, "l": 7420548535, "T": 1773237577838, "m": false}}
{"local_ts": 1773237578037, "server_ts": 1773237577838, "data": {"e": "aggTrade", "E": 1773237577843, "a": 3193648950, "s": "BTCUSDT", "p": "70134.80", "q": "0.004", "nq": "0.004", "f": 7420548536, "l": 7420548536, "T": 1773237577838, "m": false}}
{"local_ts": 1773237578038, "server_ts": 1773237577838, "data": {"e": "aggTrade", "E": 1773237577843, "a": 3193648951, "s": "BTCUSDT", "p": "70135.00", "q": "0.002", "nq": "0.002", "f": 7420548537, "l": 7420548537, "T": 1773237577838, "m": false}}
{"local_ts": 1773237578038, "server_ts": 1773237577838, "data": {"e": "aggTrade", "E": 1773237577843, "a": 3193648952, "s": "BTCUSDT", "p": "70135.20", "q": "0.008", "nq": "0.008", "f": 7420548538, "l": 7420548543, "T": 1773237577838, "m": false}}
{"local_ts": 1773237578039, "server_ts": 1773237577838, "data": {"e": "aggTrade", "E": 1773237577843, "a": 3193648953, "s": "BTCUSDT", "p": "70135.50", "q": "0.004", "nq": "0.004", "f": 7420548544, "l": 7420548544, "T": 1773237577838, "m": false}}
{"local_ts": 1773237578039, "server_ts": 1773237577838, "data": {"e": "aggTrade", "E": 1773237577843, "a": 3193648954, "s": "BTCUSDT", "p": "70135.60", "q": "0.002", "nq": "0.002", "f": 7420548545, "l": 7420548545, "T": 1773237577838, "m": false}}
{"local_ts": 1773237578066, "server_ts": 1773237577838, "data": {"e": "aggTrade", "E": 1773237577873, "a": 3193648955, "s": "BTCUSDT", "p": "70135.70", "q": "0.003", "nq": "0.003", "f": 7420548546, "l": 7420548547, "T": 1773237577838, "m": false}}
{"local_ts": 1773237578181, "server_ts": 1773237577871, "data": {"e": "aggTrade", "E": 1773237577990, "a": 3193648956, "s": "BTCUSDT", "p": "70135.90", "q": "0.017", "nq": "0.017", "f": 7420548548, "l": 7420548549, "T": 1773237577871, "m": false}}
{"local_ts": 1773237578183, "server_ts": 1773237577985, "data": {"e": "aggTrade", "E": 1773237577990, "a": 3193648957, "s": "BTCUSDT", "p": "70135.90", "q": "0.212", "nq": "0.212", "f": 7420548550, "l": 7420548561, "T": 1773237577985, "m": false}}
{"local_ts": 1773237578189, "server_ts": 1773237577986, "data": {"e": "aggTrade", "E": 1773237577997, "a": 3193648958, "s": "BTCUSDT", "p": "70136.00", "q": "0.002", "nq": "0.002", "f": 7420548562, "l": 7420548562, "T": 1773237577986, "m": false}}
{"local_ts": 1773237578194, "server_ts": 1773237577992, "data": {"e": "aggTrade", "E": 1773237578001, "a": 3193648959, "s": "BTCUSDT", "p": "70136.00", "q": "0.007", "nq": "0.007", "f": 7420548563, "l": 7420548563, "T": 1773237577992, "m": true}}
{"local_ts": 1773237578195, "server_ts": 1773237577997, "data": {"e": "aggTrade", "E": 1773237578002, "a": 3193648960, "s": "BTCUSDT", "p": "70136.10", "q": "2.262", "nq": "2.262", "f": 7420548564, "l": 7420548572, "T": 1773237577997, "m": false}}
{"local_ts": 1773237578195, "server_ts": 1773237577997, "data": {"e": "aggTrade", "E": 1773237578002, "a": 3193648961, "s": "BTCUSDT", "p": "70136.20", "q": "0.001", "nq": "0.001", "f": 7420548573, "l": 7420548573, "T": 1773237577997, "m": false}}
{"local_ts": 1773237578196, "server_ts": 1773237577998, "data": {"e": "aggTrade", "E": 1773237578002, "a": 3193648962, "s": "BTCUSDT", "p": "70136.60", "q": "0.002", "nq": "0.002", "f": 7420548574, "l": 7420548574, "T": 1773237577998, "m": false}}
{"local_ts": 1773237578197, "server_ts": 1773237577998, "data": {"e": "aggTrade", "E": 1773237578003, "a": 3193648963, "s": "BTCUSDT", "p": "70136.70", "q": "0.100", "nq": "0.100", "f": 7420548575, "l": 7420548576, "T": 1773237577998, "m": false}}
{"local_ts": 1773237578197, "server_ts": 1773237577998, "data": {"e": "aggTrade", "E": 1773237578003, "a": 3193648964, "s": "BTCUSDT", "p": "70136.90", "q": "0.006", "nq": "0.006", "f": 7420548577, "l": 7420548578, "T": 1773237577998, "m": false}}
{"local_ts": 1773237578197, "server_ts": 1773237577998, "data": {"e": "aggTrade", "E": 1773237578003, "a": 3193648965, "s": "BTCUSDT", "p": "70137.10", "q": "0.004", "nq": "0.004", "f": 7420548579, "l": 7420548580, "T": 1773237577998, "m": false}}
{"local_ts": 1773237578198, "server_ts": 1773237577998, "data": {"e": "aggTrade", "E": 1773237578003, "a": 3193648966, "s": "BTCUSDT", "p": "70137.20", "q": "0.025", "nq": "0.025", "f": 7420548581, "l": 7420548582, "T": 1773237577998, "m": false}}
{"local_ts": 1773237578198, "server_ts": 1773237577998, "data": {"e": "aggTrade", "E": 1773237578003, "a": 3193648967, "s": "BTCUSDT", "p": "70137.60", "q": "0.004", "nq": "0.004", "f": 7420548583, "l": 7420548584, "T": 1773237577998, "m": false}}
{"local_ts": 1773237578199, "server_ts": 1773237577998, "data": {"e": "aggTrade", "E": 1773237578003, "a": 3193648968, "s": "BTCUSDT", "p": "70137.90", "q": "0.004", "nq": "0.004", "f": 7420548585, "l": 7420548585, "T": 1773237577998, "m": false}}
{"local_ts": 1773237578199, "server_ts": 1773237577998, "data": {"e": "aggTrade", "E": 1773237578003, "a": 3193648969, "s": "BTCUSDT", "p": "70138.20", "q": "0.003", "nq": "0.003", "f": 7420548586, "l": 7420548587, "T": 1773237577998, "m": false}}
{"local_ts": 1773237578235, "server_ts": 1773237577998, "data": {"e": "aggTrade", "E": 1773237578040, "a": 3193648970, "s": "BTCUSDT", "p": "70138.30", "q": "7.132", "nq": "7.132", "f": 7420548588, "l": 7420548604, "T": 1773237577998, "m": false}}
{"local_ts": 1773237578236, "server_ts": 1773237578036, "data": {"e": "aggTrade", "E": 1773237578040, "a": 3193648971, "s": "BTCUSDT", "p": "70138.40", "q": "0.127", "nq": "0.127", "f": 7420548605, "l": 7420548605, "T": 1773237578036, "m": false}}
{"local_ts": 1773237578236, "server_ts": 1773237578036, "data": {"e": "aggTrade", "E": 1773237578040, "a": 3193648972, "s": "BTCUSDT", "p": "70138.60", "q": "0.002", "nq": "0.002", "f": 7420548606, "l": 7420548606, "T": 1773237578036, "m": false}}
{"local_ts": 1773237578237, "server_ts": 1773237578036, "data": {"e": "aggTrade", "E": 1773237578040, "a": 3193648973, "s": "BTCUSDT", "p": "70138.80", "q": "0.002", "nq": "0.002", "f": 7420548607, "l": 7420548607, "T": 1773237578036, "m": false}}
{"local_ts": 1773237578237, "server_ts": 1773237578036, "data": {"e": "aggTrade", "E": 1773237578040, "a": 3193648974, "s": "BTCUSDT", "p": "70138.90", "q": "0.002", "nq": "0.002", "f": 7420548608, "l": 7420548608, "T": 1773237578036, "m": false}}
{"local_ts": 1773237578238, "server_ts": 1773237578037, "data": {"e": "aggTrade", "E": 1773237578044, "a": 3193648975, "s": "BTCUSDT", "p": "70138.70", "q": "0.016", "nq": "0.016", "f": 7420548609, "l": 7420548609, "T": 1773237578037, "m": true}}
{"local_ts": 1773237578238, "server_ts": 1773237578039, "data": {"e": "aggTrade", "E": 1773237578044, "a": 3193648976, "s": "BTCUSDT", "p": "70139.20", "q": "0.002", "nq": "0.002", "f": 7420548610, "l": 7420548610, "T": 1773237578039, "m": false}}
{"local_ts": 1773237578239, "server_ts": 1773237578039, "data": {"e": "aggTrade", "E": 1773237578044, "a": 3193648977, "s": "BTCUSDT", "p": "70139.30", "q": "0.007", "nq": "0.007", "f": 7420548611, "l": 7420548612, "T": 1773237578039, "m": false}}
{"local_ts": 1773237578239, "server_ts": 1773237578039, "data": {"e": "aggTrade", "E": 1773237578044, "a": 3193648978, "s": "BTCUSDT", "p": "70139.40", "q": "0.002", "nq": "0.002", "f": 7420548613, "l": 7420548613, "T": 1773237578039, "m": false}}
{"local_ts": 1773237578240, "server_ts": 1773237578039, "data": {"e": "aggTrade", "E": 1773237578044, "a": 3193648979, "s": "BTCUSDT", "p": "70139.60", "q": "0.004", "nq": "0.004", "f": 7420548614, "l": 7420548614, "T": 1773237578039, "m": false}}
{"local_ts": 1773237578240, "server_ts": 1773237578039, "data": {"e": "aggTrade", "E": 1773237578044, "a": 3193648980, "s": "BTCUSDT", "p": "70139.80", "q": "0.002", "nq": "0.002", "f": 7420548615, "l": 7420548615, "T": 1773237578039, "m": false}}
{"local_ts": 1773237578294, "server_ts": 1773237578039, "data": {"e": "aggTrade", "E": 1773237578102, "a": 3193648981, "s": "BTCUSDT", "p": "70139.90", "q": "0.005", "nq": "0.005", "f": 7420548616, "l": 7420548618, "T": 1773237578039, "m": false}}
{"local_ts": 1773237578319, "server_ts": 1773237578100, "data": {"e": "aggTrade", "E": 1773237578128, "a": 3193648982, "s": "BTCUSDT", "p": "70140.00", "q": "0.060", "nq": "0.060", "f": 7420548619, "l": 7420548620, "T": 1773237578100, "m": false}}
{"local_ts": 1773237578421, "server_ts": 1773237578125, "data": {"e": "aggTrade", "E": 1773237578222, "a": 3193648983, "s": "BTCUSDT", "p": "70139.90", "q": "5.907", "nq": "5.907", "f": 7420548621, "l": 7420548634, "T": 1773237578125, "m": true}}
{"local_ts": 1773237578422, "server_ts": 1773237578219, "data": {"e": "aggTrade", "E": 1773237578228, "a": 3193648984, "s": "BTCUSDT", "p": "70140.00", "q": "0.213", "nq": "0.213", "f": 7420548635, "l": 7420548640, "T": 1773237578219, "m": false}}
{"local_ts": 1773237578426, "server_ts": 1773237578226, "data": {"e": "aggTrade", "E": 1773237578232, "a": 3193648985, "s": "BTCUSDT", "p": "70139.90", "q": "0.316", "nq": "0.316", "f": 7420548641, "l": 7420548645, "T": 1773237578226, "m": true}}
{"local_ts": 1773237578473, "server_ts": 1773237578230, "data": {"e": "aggTrade", "E": 1773237578279, "a": 3193648986, "s": "BTCUSDT", "p": "70140.00", "q": "0.044", "nq": "0.044", "f": 7420548646, "l": 7420548646, "T": 1773237578230, "m": false}}
{"local_ts": 1773237578612, "server_ts": 1773237578277, "data": {"e": "aggTrade", "E": 1773237578418, "a": 3193648987, "s": "BTCUSDT", "p": "70139.90", "q": "0.008", "nq": "0.008", "f": 7420548647, "l": 7420548647, "T": 1773237578277, "m": true}}
{"local_ts": 1773237578638, "server_ts": 1773237578416, "data": {"e": "aggTrade", "E": 1773237578441, "a": 3193648988, "s": "BTCUSDT", "p": "70140.00", "q": "0.722", "nq": "0.722", "f": 7420548648, "l": 7420548659, "T": 1773237578416, "m": false}}
{"local_ts": 1773237578639, "server_ts": 1773237578436, "data": {"e": "aggTrade", "E": 1773237578441, "a": 3193648989, "s": "BTCUSDT", "p": "70140.10", "q": "0.001", "nq": "0.001", "f": 7420548660, "l": 7420548660, "T": 1773237578436, "m": false}}
{"local_ts": 1773237578639, "server_ts": 1773237578436, "data": {"e": "aggTrade", "E": 1773237578441, "a": 3193648990, "s": "BTCUSDT", "p": "70140.30", "q": "0.004", "nq": "0.004", "f": 7420548661, "l": 7420548662, "T": 1773237578436, "m": false}}
{"local_ts": 1773237578639, "server_ts": 1773237578436, "data": {"e": "aggTrade", "E": 1773237578441, "a": 3193648991, "s": "BTCUSDT", "p": "70140.50", "q": "0.007", "nq": "0.007", "f": 7420548663, "l": 7420548664, "T": 1773237578436, "m": false}}
{"local_ts": 1773237578640, "server_ts": 1773237578436, "data": {"e": "aggTrade", "E": 1773237578442, "a": 3193648992, "s": "BTCUSDT", "p": "70140.70", "q": "0.002", "nq": "0.002", "f": 7420548665, "l": 7420548665, "T": 1773237578436, "m": false}}
{"local_ts": 1773237578640, "server_ts": 1773237578436, "data": {"e": "aggTrade", "E": 1773237578442, "a": 3193648993, "s": "BTCUSDT", "p": "70141.50", "q": "0.002", "nq": "0.002", "f": 7420548666, "l": 7420548666, "T": 1773237578436, "m": false}}
{"local_ts": 1773237578641, "server_ts": 1773237578436, "data": {"e": "aggTrade", "E": 1773237578442, "a": 3193648994, "s": "BTCUSDT", "p": "70141.80", "q": "0.004", "nq": "0.004", "f": 7420548667, "l": 7420548667, "T": 1773237578436, "m": false}}
{"local_ts": 1773237578641, "server_ts": 1773237578436, "data": {"e": "aggTrade", "E": 1773237578442, "a": 3193648995, "s": "BTCUSDT", "p": "70141.90", "q": "0.002", "nq": "0.002", "f": 7420548668, "l": 7420548668, "T": 1773237578436, "m": false}}
{"local_ts": 1773237578641, "server_ts": 1773237578436, "data": {"e": "aggTrade", "E": 1773237578442, "a": 3193648996, "s": "BTCUSDT", "p": "70142.00", "q": "0.008", "nq": "0.008", "f": 7420548669, "l": 7420548672, "T": 1773237578436, "m": false}}
{"local_ts": 1773237578642, "server_ts": 1773237578436, "data": {"e": "aggTrade", "E": 1773237578442, "a": 3193648997, "s": "BTCUSDT", "p": "70142.30", "q": "0.006", "nq": "0.006", "f": 7420548673, "l": 7420548674, "T": 1773237578436, "m": false}}
{"local_ts": 1773237578647, "server_ts": 1773237578436, "data": {"e": "aggTrade", "E": 1773237578442, "a": 3193648998, "s": "BTCUSDT", "p": "70142.50", "q": "0.002", "nq": "0.002", "f": 7420548675, "l": 7420548675, "T": 1773237578436, "m": false}}
{"local_ts": 1773237578648, "server_ts": 1773237578436, "data": {"e": "aggTrade", "E": 1773237578442, "a": 3193648999, "s": "BTCUSDT", "p": "70142.80", "q": "0.002", "nq": "0.002", "f": 7420548676, "l": 7420548676, "T": 1773237578436, "m": false}}
{"local_ts": 1773237578648, "server_ts": 1773237578436, "data": {"e": "aggTrade", "E": 1773237578442, "a": 3193649000, "s": "BTCUSDT", "p": "70142.90", "q": "0.004", "nq": "0.004", "f": 7420548677, "l": 7420548677, "T": 1773237578436, "m": false}}
{"local_ts": 1773237578649, "server_ts": 1773237578436, "data": {"e": "aggTrade", "E": 1773237578442, "a": 3193649001, "s": "BTCUSDT", "p": "70143.30", "q": "0.002", "nq": "0.002", "f": 7420548678, "l": 7420548678, "T": 1773237578436, "m": false}}
{"local_ts": 1773237578649, "server_ts": 1773237578436, "data": {"e": "aggTrade", "E": 1773237578442, "a": 3193649002, "s": "BTCUSDT", "p": "70143.40", "q": "0.001", "nq": "0.001", "f": 7420548679, "l": 7420548679, "T": 1773237578436, "m": false}}
{"local_ts": 1773237578650, "server_ts": 1773237578436, "data": {"e": "aggTrade", "E": 1773237578442, "a": 3193649003, "s": "BTCUSDT", "p": "70143.50", "q": "0.002", "nq": "0.002", "f": 7420548680, "l": 7420548680, "T": 1773237578436, "m": false}}
{"local_ts": 1773237578650, "server_ts": 1773237578436, "data": {"e": "aggTrade", "E": 1773237578442, "a": 3193649004, "s": "BTCUSDT", "p": "70143.60", "q": "0.004", "nq": "0.004", "f": 7420548681, "l": 7420548681, "T": 1773237578436, "m": false}}
{"local_ts": 1773237578650, "server_ts": 1773237578436, "data": {"e": "aggTrade", "E": 1773237578442, "a": 3193649005, "s": "BTCUSDT", "p": "70143.70", "q": "0.004", "nq": "0.004", "f": 7420548682, "l": 7420548683, "T": 1773237578436, "m": false}}
{"local_ts": 1773237578651, "server_ts": 1773237578436, "data": {"e": "aggTrade", "E": 1773237578442, "a": 3193649006, "s": "BTCUSDT", "p": "70143.80", "q": "0.002", "nq": "0.002", "f": 7420548684, "l": 7420548684, "T": 1773237578436, "m": false}}
{"local_ts": 1773237578651, "server_ts": 1773237578436, "data": {"e": "aggTrade", "E": 1773237578442, "a": 3193649007, "s": "BTCUSDT", "p": "70144.00", "q": "0.003", "nq": "0.003", "f": 7420548685, "l": 7420548685, "T": 1773237578436, "m": false}}
{"local_ts": 1773237578652, "server_ts": 1773237578436, "data": {"e": "aggTrade", "E": 1773237578442, "a": 3193649008, "s": "BTCUSDT", "p": "70144.10", "q": "0.001", "nq": "0.001", "f": 7420548686, "l": 7420548686, "T": 1773237578436, "m": false}}
{"local_ts": 1773237578652, "server_ts": 1773237578436, "data": {"e": "aggTrade", "E": 1773237578442, "a": 3193649009, "s": "BTCUSDT", "p": "70144.20", "q": "0.021", "nq": "0.021", "f": 7420548687, "l": 7420548687, "T": 1773237578436, "m": false}}
{"local_ts": 1773237578653, "server_ts": 1773237578436, "data": {"e": "aggTrade", "E": 1773237578442, "a": 3193649010, "s": "BTCUSDT", "p": "70144.30", "q": "0.009", "nq": "0.009", "f": 7420548688, "l": 7420548690, "T": 1773237578436, "m": false}}
{"local_ts": 1773237578653, "server_ts": 1773237578436, "data": {"e": "aggTrade", "E": 1773237578442, "a": 3193649011, "s": "BTCUSDT", "p": "70144.40", "q": "0.004", "nq": "0.004", "f": 7420548691, "l": 7420548692, "T": 1773237578436, "m": false}}
{"local_ts": 1773237578653, "server_ts": 1773237578436, "data": {"e": "aggTrade", "E": 1773237578442, "a": 3193649012, "s": "BTCUSDT", "p": "70144.60", "q": "0.216", "nq": "0.216", "f": 7420548693, "l": 7420548694, "T": 1773237578436, "m": false}}
{"local_ts": 1773237578654, "server_ts": 1773237578436, "data": {"e": "aggTrade", "E": 1773237578442, "a": 3193649013, "s": "BTCUSDT", "p": "70144.80", "q": "0.002", "nq": "0.002", "f": 7420548695, "l": 7420548695, "T": 1773237578436, "m": false}}
{"local_ts": 1773237578654, "server_ts": 1773237578436, "data": {"e": "aggTrade", "E": 1773237578442, "a": 3193649014, "s": "BTCUSDT", "p": "70144.90", "q": "0.008", "nq": "0.008", "f": 7420548696, "l": 7420548697, "T": 1773237578436, "m": false}}
{"local_ts": 1773237578655, "server_ts": 1773237578436, "data": {"e": "aggTrade", "E": 1773237578442, "a": 3193649015, "s": "BTCUSDT", "p": "70145.00", "q": "0.007", "nq": "0.007", "f": 7420548698, "l": 7420548700, "T": 1773237578436, "m": false}}
{"local_ts": 1773237578655, "server_ts": 1773237578436, "data": {"e": "aggTrade", "E": 1773237578442, "a": 3193649016, "s": "BTCUSDT", "p": "70145.30", "q": "0.004", "nq": "0.004", "f": 7420548701, "l": 7420548701, "T": 1773237578436, "m": false}}
{"local_ts": 1773237578656, "server_ts": 1773237578436, "data": {"e": "aggTrade", "E": 1773237578442, "a": 3193649017, "s": "BTCUSDT", "p": "70145.40", "q": "0.010", "nq": "0.010", "f": 7420548702, "l": 7420548705, "T": 1773237578436, "m": false}}
{"local_ts": 1773237578656, "server_ts": 1773237578436, "data": {"e": "aggTrade", "E": 1773237578442, "a": 3193649018, "s": "BTCUSDT", "p": "70145.50", "q": "0.002", "nq": "0.002", "f": 7420548706, "l": 7420548706, "T": 1773237578436, "m": false}}
{"local_ts": 1773237578657, "server_ts": 1773237578436, "data": {"e": "aggTrade", "E": 1773237578442, "a": 3193649019, "s": "BTCUSDT", "p": "70145.80", "q": "0.006", "nq": "0.006", "f": 7420548707, "l": 7420548708, "T": 1773237578436, "m": false}}
{"local_ts": 1773237578657, "server_ts": 1773237578436, "data": {"e": "aggTrade", "E": 1773237578442, "a": 3193649020, "s": "BTCUSDT", "p": "70145.90", "q": "0.002", "nq": "0.002", "f": 7420548709, "l": 7420548709, "T": 1773237578436, "m": false}}
{"local_ts": 1773237578658, "server_ts": 1773237578436, "data": {"e": "aggTrade", "E": 1773237578442, "a": 3193649021, "s": "BTCUSDT", "p": "70146.10", "q": "0.147", "nq": "0.147", "f": 7420548710, "l": 7420548711, "T": 1773237578436, "m": false}}
{"local_ts": 1773237578658, "server_ts": 1773237578436, "data": {"e": "aggTrade", "E": 1773237578442, "a": 3193649022, "s": "BTCUSDT", "p": "70146.30", "q": "0.004", "nq": "0.004", "f": 7420548712, "l": 7420548712, "T": 1773237578436, "m": false}}
{"local_ts": 1773237578659, "server_ts": 1773237578436, "data": {"e": "aggTrade", "E": 1773237578442, "a": 3193649023, "s": "BTCUSDT", "p": "70146.60", "q": "0.002", "nq": "0.002", "f": 7420548713, "l": 7420548713, "T": 1773237578436, "m": false}}
{"local_ts": 1773237578659, "server_ts": 1773237578436, "data": {"e": "aggTrade", "E": 1773237578442, "a": 3193649024, "s": "BTCUSDT", "p": "70146.70", "q": "0.006", "nq": "0.006", "f": 7420548714, "l": 7420548715, "T": 1773237578436, "m": false}}
{"local_ts": 1773237578659, "server_ts": 1773237578436, "data": {"e": "aggTrade", "E": 1773237578442, "a": 3193649025, "s": "BTCUSDT", "p": "70146.80", "q": "0.003", "nq": "0.003", "f": 7420548716, "l": 7420548716, "T": 1773237578436, "m": false}}
{"local_ts": 1773237578660, "server_ts": 1773237578436, "data": {"e": "aggTrade", "E": 1773237578442, "a": 3193649026, "s": "BTCUSDT", "p": "70147.00", "q": "0.010", "nq": "0.010", "f": 7420548717, "l": 7420548720, "T": 1773237578436, "m": false}}
{"local_ts": 1773237578660, "server_ts": 1773237578436, "data": {"e": "aggTrade", "E": 1773237578442, "a": 3193649027, "s": "BTCUSDT", "p": "70147.10", "q": "0.271", "nq": "0.271", "f": 7420548721, "l": 7420548722, "T": 1773237578436, "m": false}}
{"local_ts": 1773237578661, "server_ts": 1773237578436, "data": {"e": "aggTrade", "E": 1773237578442, "a": 3193649028, "s": "BTCUSDT", "p": "70147.20", "q": "0.004", "nq": "0.004", "f": 7420548723, "l": 7420548724, "T": 1773237578436, "m": false}}
{"local_ts": 1773237578661, "server_ts": 1773237578436, "data": {"e": "aggTrade", "E": 1773237578442, "a": 3193649029, "s": "BTCUSDT", "p": "70147.30", "q": "0.005", "nq": "0.005", "f": 7420548725, "l": 7420548727, "T": 1773237578436, "m": false}}
{"local_ts": 1773237578662, "server_ts": 1773237578436, "data": {"e": "aggTrade", "E": 1773237578442, "a": 3193649030, "s": "BTCUSDT", "p": "70147.40", "q": "0.004", "nq": "0.004", "f": 7420548728, "l": 7420548728, "T": 1773237578436, "m": false}}
{"local_ts": 1773237578662, "server_ts": 1773237578436, "data": {"e": "aggTrade", "E": 1773237578442, "a": 3193649031, "s": "BTCUSDT", "p": "70147.50", "q": "0.006", "nq": "0.006", "f": 7420548729, "l": 7420548730, "T": 1773237578436, "m": false}}
{"local_ts": 1773237578662, "server_ts": 1773237578436, "data": {"e": "aggTrade", "E": 1773237578442, "a": 3193649032, "s": "BTCUSDT", "p": "70147.70", "q": "0.055", "nq": "0.055", "f": 7420548731, "l": 7420548733, "T": 1773237578436, "m": false}}
{"local_ts": 1773237578663, "server_ts": 1773237578436, "data": {"e": "aggTrade", "E": 1773237578442, "a": 3193649033, "s": "BTCUSDT", "p": "70147.80", "q": "0.096", "nq": "0.096", "f": 7420548734, "l": 7420548735, "T": 1773237578436, "m": false}}
{"local_ts": 1773237578663, "server_ts": 1773237578436, "data": {"e": "aggTrade", "E": 1773237578442, "a": 3193649034, "s": "BTCUSDT", "p": "70147.90", "q": "0.131", "nq": "0.131", "f": 7420548736, "l": 7420548740, "T": 1773237578436, "m": false}}
{"local_ts": 1773237578664, "server_ts": 1773237578436, "data": {"e": "aggTrade", "E": 1773237578442, "a": 3193649035, "s": "BTCUSDT", "p": "70148.00", "q": "0.003", "nq": "0.003", "f": 7420548741, "l": 7420548742, "T": 1773237578436, "m": false}}
{"local_ts": 1773237578664, "server_ts": 1773237578436, "data": {"e": "aggTrade", "E": 1773237578442, "a": 3193649036, "s": "BTCUSDT", "p": "70148.10", "q": "0.002", "nq": "0.002", "f": 7420548743, "l": 7420548743, "T": 1773237578436, "m": false}}
{"local_ts": 1773237578664, "server_ts": 1773237578436, "data": {"e": "aggTrade", "E": 1773237578442, "a": 3193649037, "s": "BTCUSDT", "p": "70148.30", "q": "0.002", "nq": "0.002", "f": 7420548744, "l": 7420548744, "T": 1773237578436, "m": false}}
{"local_ts": 1773237578665, "server_ts": 1773237578436, "data": {"e": "aggTrade", "E": 1773237578442, "a": 3193649038, "s": "BTCUSDT", "p": "70148.40", "q": "0.004", "nq": "0.004", "f": 7420548745, "l": 7420548745, "T": 1773237578436, "m": false}}
{"local_ts": 1773237578665, "server_ts": 1773237578436, "data": {"e": "aggTrade", "E": 1773237578442, "a": 3193649039, "s": "BTCUSDT", "p": "70148.60", "q": "0.001", "nq": "0.001", "f": 7420548746, "l": 7420548746, "T": 1773237578436, "m": false}}
{"local_ts": 1773237578665, "server_ts": 1773237578436, "data": {"e": "aggTrade", "E": 1773237578442, "a": 3193649040, "s": "BTCUSDT", "p": "70148.80", "q": "0.006", "nq": "0.006", "f": 7420548747, "l": 7420548748, "T": 1773237578436, "m": false}}
{"local_ts": 1773237578666, "server_ts": 1773237578436, "data": {"e": "aggTrade", "E": 1773237578442, "a": 3193649041, "s": "BTCUSDT", "p": "70149.10", "q": "0.002", "nq": "0.002", "f": 7420548749, "l": 7420548749, "T": 1773237578436, "m": false}}
{"local_ts": 1773237578666, "server_ts": 1773237578436, "data": {"e": "aggTrade", "E": 1773237578442, "a": 3193649042, "s": "BTCUSDT", "p": "70149.30", "q": "0.020", "nq": "0.020", "f": 7420548750, "l": 7420548751, "T": 1773237578436, "m": false}}
{"local_ts": 1773237578667, "server_ts": 1773237578436, "data": {"e": "aggTrade", "E": 1773237578442, "a": 3193649043, "s": "BTCUSDT", "p": "70149.40", "q": "0.007", "nq": "0.007", "f": 7420548752, "l": 7420548754, "T": 1773237578436, "m": false}}
{"local_ts": 1773237578667, "server_ts": 1773237578436, "data": {"e": "aggTrade", "E": 1773237578443, "a": 3193649044, "s": "BTCUSDT", "p": "70149.60", "q": "0.016", "nq": "0.016", "f": 7420548755, "l": 7420548755, "T": 1773237578436, "m": false}}
{"local_ts": 1773237578667, "server_ts": 1773237578436, "data": {"e": "aggTrade", "E": 1773237578443, "a": 3193649045, "s": "BTCUSDT", "p": "70149.70", "q": "0.002", "nq": "0.002", "f": 7420548756, "l": 7420548756, "T": 1773237578436, "m": false}}
{"local_ts": 1773237578668, "server_ts": 1773237578436, "data": {"e": "aggTrade", "E": 1773237578443, "a": 3193649046, "s": "BTCUSDT", "p": "70149.80", "q": "0.016", "nq": "0.016", "f": 7420548757, "l": 7420548757, "T": 1773237578436, "m": false}}
{"local_ts": 1773237578668, "server_ts": 1773237578436, "data": {"e": "aggTrade", "E": 1773237578443, "a": 3193649047, "s": "BTCUSDT", "p": "70149.90", "q": "0.016", "nq": "0.016", "f": 7420548758, "l": 7420548758, "T": 1773237578436, "m": false}}
{"local_ts": 1773237578669, "server_ts": 1773237578436, "data": {"e": "aggTrade", "E": 1773237578443, "a": 3193649048, "s": "BTCUSDT", "p": "70150.00", "q": "1.151", "nq": "1.151", "f": 7420548759, "l": 7420548766, "T": 1773237578436, "m": false}}
{"local_ts": 1773237578669, "server_ts": 1773237578436, "data": {"e": "aggTrade", "E": 1773237578443, "a": 3193649049, "s": "BTCUSDT", "p": "70150.10", "q": "0.001", "nq": "0.001", "f": 7420548767, "l": 7420548767, "T": 1773237578436, "m": false}}
{"local_ts": 1773237578670, "server_ts": 1773237578436, "data": {"e": "aggTrade", "E": 1773237578443, "a": 3193649050, "s": "BTCUSDT", "p": "70150.20", "q": "0.002", "nq": "0.002", "f": 7420548768, "l": 7420548768, "T": 1773237578436, "m": false}}
{"local_ts": 1773237578670, "server_ts": 1773237578436, "data": {"e": "aggTrade", "E": 1773237578443, "a": 3193649051, "s": "BTCUSDT", "p": "70150.30", "q": "0.007", "nq": "0.007", "f": 7420548769, "l": 7420548770, "T": 1773237578436, "m": false}}
{"local_ts": 1773237578672, "server_ts": 1773237578436, "data": {"e": "aggTrade", "E": 1773237578443, "a": 3193649052, "s": "BTCUSDT", "p": "70150.50", "q": "0.008", "nq": "0.008", "f": 7420548771, "l": 7420548774, "T": 1773237578436, "m": false}}
{"local_ts": 1773237578672, "server_ts": 1773237578436, "data": {"e": "aggTrade", "E": 1773237578443, "a": 3193649053, "s": "BTCUSDT", "p": "70150.90", "q": "0.012", "nq": "0.012", "f": 7420548775, "l": 7420548779, "T": 1773237578436, "m": false}}
{"local_ts": 1773237578673, "server_ts": 1773237578436, "data": {"e": "aggTrade", "E": 1773237578443, "a": 3193649054, "s": "BTCUSDT", "p": "70151.10", "q": "0.186", "nq": "0.186", "f": 7420548780, "l": 7420548781, "T": 1773237578436, "m": false}}
{"local_ts": 1773237578673, "server_ts": 1773237578436, "data": {"e": "aggTrade", "E": 1773237578443, "a": 3193649055, "s": "BTCUSDT", "p": "70151.30", "q": "0.002", "nq": "0.002", "f": 7420548782, "l": 7420548782, "T": 1773237578436, "m": false}}
{"local_ts": 1773237578674, "server_ts": 1773237578436, "data": {"e": "aggTrade", "E": 1773237578443, "a": 3193649056, "s": "BTCUSDT", "p": "70151.40", "q": "0.009", "nq": "0.009", "f": 7420548783, "l": 7420548785, "T": 1773237578436, "m": false}}
{"local_ts": 1773237578674, "server_ts": 1773237578436, "data": {"e": "aggTrade", "E": 1773237578443, "a": 3193649057, "s": "BTCUSDT", "p": "70151.50", "q": "0.001", "nq": "0.001", "f": 7420548786, "l": 7420548786, "T": 1773237578436, "m": false}}
{"local_ts": 1773237578674, "server_ts": 1773237578436, "data": {"e": "aggTrade", "E": 1773237578443, "a": 3193649058, "s": "BTCUSDT", "p": "70151.60", "q": "0.004", "nq": "0.004", "f": 7420548787, "l": 7420548787, "T": 1773237578436, "m": false}}
{"local_ts": 1773237578675, "server_ts": 1773237578436, "data": {"e": "aggTrade", "E": 1773237578443, "a": 3193649059, "s": "BTCUSDT", "p": "70151.80", "q": "0.002", "nq": "0.002", "f": 7420548788, "l": 7420548788, "T": 1773237578436, "m": false}}
{"local_ts": 1773237578675, "server_ts": 1773237578436, "data": {"e": "aggTrade", "E": 1773237578443, "a": 3193649060, "s": "BTCUSDT", "p": "70151.90", "q": "0.002", "nq": "0.002", "f": 7420548789, "l": 7420548789, "T": 1773237578436, "m": false}}
{"local_ts": 1773237578675, "server_ts": 1773237578436, "data": {"e": "aggTrade", "E": 1773237578443, "a": 3193649061, "s": "BTCUSDT", "p": "70152.00", "q": "0.002", "nq": "0.002", "f": 7420548790, "l": 7420548790, "T": 1773237578436, "m": false}}
{"local_ts": 1773237578676, "server_ts": 1773237578436, "data": {"e": "aggTrade", "E": 1773237578443, "a": 3193649062, "s": "BTCUSDT", "p": "70152.20", "q": "0.002", "nq": "0.002", "f": 7420548791, "l": 7420548791, "T": 1773237578436, "m": false}}
{"local_ts": 1773237578676, "server_ts": 1773237578436, "data": {"e": "aggTrade", "E": 1773237578443, "a": 3193649063, "s": "BTCUSDT", "p": "70152.30", "q": "0.005", "nq": "0.005", "f": 7420548792, "l": 7420548793, "T": 1773237578436, "m": false}}
{"local_ts": 1773237578677, "server_ts": 1773237578436, "data": {"e": "aggTrade", "E": 1773237578443, "a": 3193649064, "s": "BTCUSDT", "p": "70152.40", "q": "0.002", "nq": "0.002", "f": 7420548794, "l": 7420548794, "T": 1773237578436, "m": false}}
{"local_ts": 1773237578677, "server_ts": 1773237578436, "data": {"e": "aggTrade", "E": 1773237578443, "a": 3193649065, "s": "BTCUSDT", "p": "70152.50", "q": "0.002", "nq": "0.002", "f": 7420548795, "l": 7420548795, "T": 1773237578436, "m": false}}
{"local_ts": 1773237578677, "server_ts": 1773237578436, "data": {"e": "aggTrade", "E": 1773237578443, "a": 3193649066, "s": "BTCUSDT", "p": "70152.60", "q": "0.003", "nq": "0.003", "f": 7420548796, "l": 7420548796, "T": 1773237578436, "m": false}}
{"local_ts": 1773237578678, "server_ts": 1773237578436, "data": {"e": "aggTrade", "E": 1773237578443, "a": 3193649067, "s": "BTCUSDT", "p": "70152.90", "q": "0.069", "nq": "0.069", "f": 7420548797, "l": 7420548798, "T": 1773237578436, "m": false}}
{"local_ts": 1773237578678, "server_ts": 1773237578436, "data": {"e": "aggTrade", "E": 1773237578443, "a": 3193649068, "s": "BTCUSDT", "p": "70153.00", "q": "0.004", "nq": "0.004", "f": 7420548799, "l": 7420548799, "T": 1773237578436, "m": false}}
{"local_ts": 1773237578679, "server_ts": 1773237578436, "data": {"e": "aggTrade", "E": 1773237578443, "a": 3193649069, "s": "BTCUSDT", "p": "70153.10", "q": "0.143", "nq": "0.143", "f": 7420548800, "l": 7420548800, "T": 1773237578436, "m": false}}
{"local_ts": 1773237578679, "server_ts": 1773237578436, "data": {"e": "aggTrade", "E": 1773237578443, "a": 3193649070, "s": "BTCUSDT", "p": "70153.20", "q": "0.004", "nq": "0.004", "f": 7420548801, "l": 7420548802, "T": 1773237578436, "m": false}}
{"local_ts": 1773237578680, "server_ts": 1773237578436, "data": {"e": "aggTrade", "E": 1773237578443, "a": 3193649071, "s": "BTCUSDT", "p": "70153.30", "q": "0.007", "nq": "0.007", "f": 7420548803, "l": 7420548805, "T": 1773237578436, "m": false}}
{"local_ts": 1773237578680, "server_ts": 1773237578436, "data": {"e": "aggTrade", "E": 1773237578443, "a": 3193649072, "s": "BTCUSDT", "p": "70153.40", "q": "0.433", "nq": "0.433", "f": 7420548806, "l": 7420548806, "T": 1773237578436, "m": false}}
{"local_ts": 1773237578680, "server_ts": 1773237578436, "data": {"e": "aggTrade", "E": 1773237578443, "a": 3193649073, "s": "BTCUSDT", "p": "70153.50", "q": "1.073", "nq": "1.073", "f": 7420548807, "l": 7420548807, "T": 1773237578436, "m": false}}
{"local_ts": 1773237578681, "server_ts": 1773237578436, "data": {"e": "aggTrade", "E": 1773237578443, "a": 3193649074, "s": "BTCUSDT", "p": "70153.60", "q": "0.002", "nq": "0.002", "f": 7420548808, "l": 7420548808, "T": 1773237578436, "m": false}}
{"local_ts": 1773237578681, "server_ts": 1773237578436, "data": {"e": "aggTrade", "E": 1773237578443, "a": 3193649075, "s": "BTCUSDT", "p": "70153.70", "q": "0.004", "nq": "0.004", "f": 7420548809, "l": 7420548809, "T": 1773237578436, "m": false}}
{"local_ts": 1773237578681, "server_ts": 1773237578436, "data": {"e": "aggTrade", "E": 1773237578443, "a": 3193649076, "s": "BTCUSDT", "p": "70153.80", "q": "0.006", "nq": "0.006", "f": 7420548810, "l": 7420548811, "T": 1773237578436, "m": false}}
{"local_ts": 1773237578682, "server_ts": 1773237578436, "data": {"e": "aggTrade", "E": 1773237578443, "a": 3193649077, "s": "BTCUSDT", "p": "70153.90", "q": "0.002", "nq": "0.002", "f": 7420548812, "l": 7420548812, "T": 1773237578436, "m": false}}
{"local_ts": 1773237578682, "server_ts": 1773237578436, "data": {"e": "aggTrade", "E": 1773237578443, "a": 3193649078, "s": "BTCUSDT", "p": "70154.00", "q": "0.233", "nq": "0.233", "f": 7420548813, "l": 7420548817, "T": 1773237578436, "m": false}}
{"local_ts": 1773237578682, "server_ts": 1773237578436, "data": {"e": "aggTrade", "E": 1773237578443, "a": 3193649079, "s": "BTCUSDT", "p": "70154.10", "q": "0.009", "nq": "0.009", "f": 7420548818, "l": 7420548820, "T": 1773237578436, "m": false}}
{"local_ts": 1773237578683, "server_ts": 1773237578436, "data": {"e": "aggTrade", "E": 1773237578443, "a": 3193649080, "s": "BTCUSDT", "p": "70154.20", "q": "0.004", "nq": "0.004", "f": 7420548821, "l": 7420548822, "T": 1773237578436, "m": false}}
{"local_ts": 1773237578683, "server_ts": 1773237578436, "data": {"e": "aggTrade", "E": 1773237578443, "a": 3193649081, "s": "BTCUSDT", "p": "70154.40", "q": "0.005", "nq": "0.005", "f": 7420548823, "l": 7420548824, "T": 1773237578436, "m": false}}
{"local_ts": 1773237578684, "server_ts": 1773237578436, "data": {"e": "aggTrade", "E": 1773237578443, "a": 3193649082, "s": "BTCUSDT", "p": "70154.50", "q": "0.257", "nq": "0.257", "f": 7420548825, "l": 7420548827, "T": 1773237578436, "m": false}}
{"local_ts": 1773237578684, "server_ts": 1773237578436, "data": {"e": "aggTrade", "E": 1773237578443, "a": 3193649083, "s": "BTCUSDT", "p": "70154.60", "q": "0.004", "nq": "0.004", "f": 7420548828, "l": 7420548829, "T": 1773237578436, "m": false}}
{"local_ts": 1773237578685, "server_ts": 1773237578436, "data": {"e": "aggTrade", "E": 1773237578443, "a": 3193649084, "s": "BTCUSDT", "p": "70155.00", "q": "0.010", "nq": "0.010", "f": 7420548830, "l": 7420548833, "T": 1773237578436, "m": false}}
{"local_ts": 1773237578685, "server_ts": 1773237578436, "data": {"e": "aggTrade", "E": 1773237578443, "a": 3193649085, "s": "BTCUSDT", "p": "70155.10", "q": "0.215", "nq": "0.215", "f": 7420548834, "l": 7420548838, "T": 1773237578436, "m": false}}
{"local_ts": 1773237578686, "server_ts": 1773237578436, "data": {"e": "aggTrade", "E": 1773237578443, "a": 3193649086, "s": "BTCUSDT", "p": "70155.40", "q": "0.002", "nq": "0.002", "f": 7420548839, "l": 7420548839, "T": 1773237578436, "m": false}}
{"local_ts": 1773237578687, "server_ts": 1773237578436, "data": {"e": "aggTrade", "E": 1773237578443, "a": 3193649087, "s": "BTCUSDT", "p": "70155.50", "q": "0.345", "nq": "0.345", "f": 7420548840, "l": 7420548840, "T": 1773237578436, "m": false}}
{"local_ts": 1773237578687, "server_ts": 1773237578436, "data": {"e": "aggTrade", "E": 1773237578443, "a": 3193649088, "s": "BTCUSDT", "p": "70155.60", "q": "0.004", "nq": "0.004", "f": 7420548841, "l": 7420548842, "T": 1773237578436, "m": false}}
{"local_ts": 1773237578688, "server_ts": 1773237578436, "data": {"e": "aggTrade", "E": 1773237578443, "a": 3193649089, "s": "BTCUSDT", "p": "70155.70", "q": "0.006", "nq": "0.006", "f": 7420548843, "l": 7420548844, "T": 1773237578436, "m": false}}
{"local_ts": 1773237578688, "server_ts": 1773237578436, "data": {"e": "aggTrade", "E": 1773237578443, "a": 3193649090, "s": "BTCUSDT", "p": "70155.80", "q": "0.006", "nq": "0.006", "f": 7420548845, "l": 7420548846, "T": 1773237578436, "m": false}}
{"local_ts": 1773237578689, "server_ts": 1773237578436, "data": {"e": "aggTrade", "E": 1773237578443, "a": 3193649091, "s": "BTCUSDT", "p": "70155.90", "q": "0.016", "nq": "0.016", "f": 7420548847, "l": 7420548847, "T": 1773237578436, "m": false}}
{"local_ts": 1773237578689, "server_ts": 1773237578436, "data": {"e": "aggTrade", "E": 1773237578443, "a": 3193649092, "s": "BTCUSDT", "p": "70156.00", "q": "0.101", "nq": "0.101", "f": 7420548848, "l": 7420548849, "T": 1773237578436, "m": false}}
{"local_ts": 1773237578689, "server_ts": 1773237578436, "data": {"e": "aggTrade", "E": 1773237578443, "a": 3193649093, "s": "BTCUSDT", "p": "70156.10", "q": "0.005", "nq": "0.005", "f": 7420548850, "l": 7420548851, "T": 1773237578436, "m": false}}
{"local_ts": 1773237578690, "server_ts": 1773237578436, "data": {"e": "aggTrade", "E": 1773237578443, "a": 3193649094, "s": "BTCUSDT", "p": "70156.30", "q": "0.530", "nq": "0.530", "f": 7420548852, "l": 7420548853, "T": 1773237578436, "m": false}}
{"local_ts": 1773237578690, "server_ts": 1773237578436, "data": {"e": "aggTrade", "E": 1773237578443, "a": 3193649095, "s": "BTCUSDT", "p": "70156.40", "q": "0.018", "nq": "0.018", "f": 7420548854, "l": 7420548855, "T": 1773237578436, "m": false}}
{"local_ts": 1773237578691, "server_ts": 1773237578436, "data": {"e": "aggTrade", "E": 1773237578444, "a": 3193649096, "s": "BTCUSDT", "p": "70156.50", "q": "0.002", "nq": "0.002", "f": 7420548856, "l": 7420548856, "T": 1773237578436, "m": false}}
{"local_ts": 1773237578691, "server_ts": 1773237578436, "data": {"e": "aggTrade", "E": 1773237578444, "a": 3193649097, "s": "BTCUSDT", "p": "70156.70", "q": "0.006", "nq": "0.006", "f": 7420548857, "l": 7420548858, "T": 1773237578436, "m": false}}
{"local_ts": 1773237578691, "server_ts": 1773237578436, "data": {"e": "aggTrade", "E": 1773237578444, "a": 3193649098, "s": "BTCUSDT", "p": "70156.80", "q": "0.008", "nq": "0.008", "f": 7420548859, "l": 7420548863, "T": 1773237578436, "m": false}}
{"local_ts": 1773237578692, "server_ts": 1773237578436, "data": {"e": "aggTrade", "E": 1773237578444, "a": 3193649099, "s": "BTCUSDT", "p": "70156.90", "q": "0.002", "nq": "0.002", "f": 7420548864, "l": 7420548864, "T": 1773237578436, "m": false}}
{"local_ts": 1773237578692, "server_ts": 1773237578436, "data": {"e": "aggTrade", "E": 1773237578444, "a": 3193649100, "s": "BTCUSDT", "p": "70157.00", "q": "0.004", "nq": "0.004", "f": 7420548865, "l": 7420548868, "T": 1773237578436, "m": false}}
{"local_ts": 1773237578693, "server_ts": 1773237578436, "data": {"e": "aggTrade", "E": 1773237578444, "a": 3193649101, "s": "BTCUSDT", "p": "70157.30", "q": "0.003", "nq": "0.003", "f": 7420548869, "l": 7420548870, "T": 1773237578436, "m": false}}
{"local_ts": 1773237578693, "server_ts": 1773237578436, "data": {"e": "aggTrade", "E": 1773237578444, "a": 3193649102, "s": "BTCUSDT", "p": "70157.40", "q": "0.209", "nq": "0.209", "f": 7420548871, "l": 7420548875, "T": 1773237578436, "m": false}}
{"local_ts": 1773237578693, "server_ts": 1773237578436, "data": {"e": "aggTrade", "E": 1773237578444, "a": 3193649103, "s": "BTCUSDT", "p": "70157.50", "q": "0.032", "nq": "0.032", "f": 7420548876, "l": 7420548882, "T": 1773237578436, "m": false}}
{"local_ts": 1773237578694, "server_ts": 1773237578436, "data": {"e": "aggTrade", "E": 1773237578444, "a": 3193649104, "s": "BTCUSDT", "p": "70157.70", "q": "0.004", "nq": "0.004", "f": 7420548883, "l": 7420548883, "T": 1773237578436, "m": false}}
{"local_ts": 1773237578694, "server_ts": 1773237578436, "data": {"e": "aggTrade", "E": 1773237578444, "a": 3193649105, "s": "BTCUSDT", "p": "70157.80", "q": "0.005", "nq": "0.005", "f": 7420548884, "l": 7420548886, "T": 1773237578436, "m": false}}
{"local_ts": 1773237578695, "server_ts": 1773237578436, "data": {"e": "aggTrade", "E": 1773237578444, "a": 3193649106, "s": "BTCUSDT", "p": "70158.00", "q": "0.079", "nq": "0.079", "f": 7420548887, "l": 7420548889, "T": 1773237578436, "m": false}}
{"local_ts": 1773237578695, "server_ts": 1773237578436, "data": {"e": "aggTrade", "E": 1773237578444, "a": 3193649107, "s": "BTCUSDT", "p": "70158.10", "q": "0.003", "nq": "0.003", "f": 7420548890, "l": 7420548890, "T": 1773237578436, "m": false}}
