{"local_ts": 1773532807373, "server_ts": 1773532807382, "data": {"e": "forceOrder", "E": 1773532807382, "o": {"s": "YGGUSDT", "S": "BUY", "o": "LIMIT", "f": "IOC", "q": "24728", "p": "0.0412300", "ap": "0.0404514", "X": "FILLED", "l": "14074", "z": "24728", "T": 1773532807379}}}
{"local_ts": 1773532807375, "server_ts": 1773532807382, "data": {"e": "forceOrder", "E": 1773532807382, "o": {"s": "YGGUSDT", "S": "BUY", "o": "LIMIT", "f": "IOC", "q": "24728", "p": "0.0412300", "ap": "0.0404514", "X": "FILLED", "l": "14074", "z": "24728", "T": 1773532807379}}}
{"local_ts": 1773532808383, "server_ts": 1773532808393, "data": {"e": "forceOrder", "E": 1773532808393, "o": {"s": "AVAXUSDT", "S": "BUY", "o": "LIMIT", "f": "IOC", "q": "1070", "p": "9.7830", "ap": "9.7293", "X": "FILLED", "l": "114", "z": "1070", "T": 1773532808390}}}
{"local_ts": 1773532809025, "server_ts": 1773532809035, "data": {"e": "forceOrder", "E": 1773532809035, "o": {"s": "CHZUSDT", "S": "SELL", "o": "LIMIT", "f": "IOC", "q": "130182", "p": "0.03786", "ap": "0.03822", "X": "FILLED", "l": "20346", "z": "130182", "T": 1773532809032}}}
{"local_ts": 1773532809026, "server_ts": 1773532809035, "data": {"e": "forceOrder", "E": 1773532809035, "o": {"s": "CHZUSDT", "S": "SELL", "o": "LIMIT", "f": "IOC", "q": "130182", "p": "0.03786", "ap": "0.03822", "X": "FILLED", "l": "20346", "z": "130182", "T": 1773532809032}}}
{"local_ts": 1773532810554, "server_ts": 1773532810565, "data": {"e": "forceOrder", "E": 1773532810565, "o": {"s": "ADAUSDT", "S": "BUY", "o": "LIMIT", "f": "IOC", "q": "1912", "p": "0.26470", "ap": "0.26350", "X": "FILLED", "l": "1856", "z": "1912", "T": 1773532810563}}}
{"local_ts": 1773532810556, "server_ts": 1773532810565, "data": {"e": "forceOrder", "E": 1773532810565, "o": {"s": "ADAUSDT", "S": "BUY", "o": "LIMIT", "f": "IOC", "q": "1912", "p": "0.26470", "ap": "0.26350", "X": "FILLED", "l": "1856", "z": "1912", "T": 1773532810563}}}
{"local_ts": 1773532810573, "server_ts": 1773532810583, "data": {"e": "forceOrder", "E": 1773532810583, "o": {"s": "LINKUSDT", "S": "BUY", "o": "LIMIT", "f": "IOC", "q": "137.94", "p": "9.213", "ap": "9.169", "X": "FILLED", "l": "137.94", "z": "137.94", "T": 1773532810582}}}
{"local_ts": 1773532810580, "server_ts": 1773532810583, "data": {"e": "forceOrder", "E": 1773532810583, "o": {"s": "LINKUSDT", "S": "BUY", "o": "LIMIT", "f": "IOC", "q": "137.94", "p": "9.213", "ap": "9.169", "X": "FILLED", "l": "137.94", "z": "137.94", "T": 1773532810582}}}
{"local_ts": 1773532812137, "server_ts": 1773532812144, "data": {"e": "forceOrder", "E": 1773532812144, "o": {"s": "SPKUSDT", "S": "SELL", "o": "LIMIT", "f": "IOC", "q": "1220", "p": "0.0236200", "ap": "0.0237900", "X": "FILLED", "l": "1220", "z": "1220", "T": 1773532812141}}}
{"local_ts": 1773532812271, "server_ts": 1773532812282, "data": {"e": "forceOrder", "E": 1773532812282, "o": {"s": "HUMAUSDT", "S": "BUY", "o": "LIMIT", "f": "IOC", "q": "26583", "p": "0.0172500", "ap": "0.0169603", "X": "FILLED", "l": "290", "z": "26583", "T": 1773532812279}}}
{"local_ts": 1773532812272, "server_ts": 1773532812282, "data": {"e": "forceOrder", "E": 1773532812282, "o": {"s": "HUMAUSDT", "S": "BUY", "o": "LIMIT", "f": "IOC", "q": "26583", "p": "0.0172500", "ap": "0.0169603", "X": "FILLED", "l": "290", "z": "26583", "T": 1773532812279}}}
{"local_ts": 1773532813546, "server_ts": 1773532813556, "data": {"e": "forceOrder", "E": 1773532813556, "o": {"s": "YGGUSDT", "S": "BUY", "o": "LIMIT", "f": "IOC", "q": "322", "p": "0.0420100", "ap": "0.0417200", "X": "FILLED", "l": "87", "z": "322", "T": 1773532813552}}}
{"local_ts": 1773532814624, "server_ts": 1773532814632, "data": {"e": "forceOrder", "E": 1773532814632, "o": {"s": "YGGUSDT", "S": "BUY", "o": "LIMIT", "f": "IOC", "q": "164", "p": "0.0424100", "ap": "0.0419100", "X": "FILLED", "l": "164", "z": "164", "T": 1773532814630}}}
{"local_ts": 1773532816510, "server_ts": 1773532816519, "data": {"e": "forceOrder", "E": 1773532816519, "o": {"s": "STEEMUSDT", "S": "BUY", "o": "LIMIT", "f": "IOC", "q": "5324", "p": "0.063910", "ap": "0.062936", "X": "FILLED", "l": "1528", "z": "5324", "T": 1773532816517}}}
{"local_ts": 1773532816889, "server_ts": 1773532816898, "data": {"e": "forceOrder", "E": 1773532816898, "o": {"s": "FIDAUSDT", "S": "SELL", "o": "LIMIT", "f": "IOC", "q": "30902", "p": "0.0158700", "ap": "0.0160735", "X": "FILLED", "l": "9589", "z": "30902", "T": 1773532816896}}}
{"local_ts": 1773532816904, "server_ts": 1773532816898, "data": {"e": "forceOrder", "E": 1773532816898, "o": {"s": "FIDAUSDT", "S": "SELL", "o": "LIMIT", "f": "IOC", "q": "30902", "p": "0.0158700", "ap": "0.0160735", "X": "FILLED", "l": "9589", "z": "30902", "T": 1773532816896}}}
{"local_ts": 1773532817105, "server_ts": 1773532817115, "data": {"e": "forceOrder", "E": 1773532817115, "o": {"s": "YGGUSDT", "S": "BUY", "o": "LIMIT", "f": "IOC", "q": "317", "p": "0.0427000", "ap": "0.0410300", "X": "FILLED", "l": "317", "z": "317", "T": 1773532817113}}}
{"local_ts": 1773532817107, "server_ts": 1773532817115, "data": {"e": "forceOrder", "E": 1773532817115, "o": {"s": "YGGUSDT", "S": "BUY", "o": "LIMIT", "f": "IOC", "q": "317", "p": "0.0427000", "ap": "0.0410300", "X": "FILLED", "l": "317", "z": "317", "T": 1773532817113}}}
{"local_ts": 1773532821689, "server_ts": 1773532821699, "data": {"e": "forceOrder", "E": 1773532821699, "o": {"s": "XRPUSDT", "S": "BUY", "o": "LIMIT", "f": "IOC", "q": "122.2", "p": "1.4147", "ap": "1.4082", "X": "FILLED", "l": "122.2", "z": "122.2", "T": 1773532821696}}}
{"local_ts": 1773532822170, "server_ts": 1773532822176, "data": {"e": "forceOrder", "E": 1773532822176, "o": {"s": "APRUSDT", "S": "SELL", "o": "LIMIT", "f": "IOC", "q": "4583", "p": "0.1689100", "ap": "0.1729693", "X": "FILLED", "l": "248", "z": "4583", "T": 1773532822174}}}
{"local_ts": 1773532822172, "server_ts": 1773532822176, "data": {"e": "forceOrder", "E": 1773532822176, "o": {"s": "APRUSDT", "S": "SELL", "o": "LIMIT", "f": "IOC", "q": "4583", "p": "0.1689100", "ap": "0.1729693", "X": "FILLED", "l": "248", "z": "4583", "T": 1773532822174}}}
{"local_ts": 1773532822709, "server_ts": 1773532822718, "data": {"e": "forceOrder", "E": 1773532822718, "o": {"s": "NOMUSDT", "S": "SELL", "o": "LIMIT", "f": "IOC", "q": "1889", "p": "0.0031900", "ap": "0.0032340", "X": "FILLED", "l": "1889", "z": "1889", "T": 1773532822716}}}
{"local_ts": 1773532823564, "server_ts": 1773532823545, "data": {"e": "forceOrder", "E": 1773532823545, "o": {"s": "RONINUSDT", "S": "BUY", "o": "LIMIT", "f": "IOC", "q": "5133.4", "p": "0.099500", "ap": "0.098600", "X": "FILLED", "l": "817.3", "z": "5133.4", "T": 1773532823544}}}
{"local_ts": 1773532825134, "server_ts": 1773532825144, "data": {"e": "forceOrder", "E": 1773532825144, "o": {"s": "CUSDT", "S": "BUY", "o": "LIMIT", "f": "IOC", "q": "4046", "p": "0.0773100", "ap": "0.0764700", "X": "FILLED", "l": "4046", "z": "4046", "T": 1773532825140}}}
{"local_ts": 1773532825137, "server_ts": 1773532825144, "data": {"e": "forceOrder", "E": 1773532825144, "o": {"s": "CUSDT", "S": "BUY", "o": "LIMIT", "f": "IOC", "q": "4046", "p": "0.0773100", "ap": "0.0764700", "X": "FILLED", "l": "4046", "z": "4046", "T": 1773532825140}}}
{"local_ts": 1773532825164, "server_ts": 1773532825175, "data": {"e": "forceOrder", "E": 1773532825175, "o": {"s": "BTCUSDT", "S": "BUY", "o": "LIMIT", "f": "IOC", "q": "0.153", "p": "71452.60", "ap": "71168.20", "X": "FILLED", "l": "0.153", "z": "0.153", "T": 1773532825172}}}
{"local_ts": 1773532825165, "server_ts": 1773532825175, "data": {"e": "forceOrder", "E": 1773532825175, "o": {"s": "AXSUSDT", "S": "BUY", "o": "LIMIT", "f": "IOC", "q": "1741", "p": "1.27100", "ap": "1.26000", "X": "FILLED", "l": "1305", "z": "1741", "T": 1773532825172}}}
{"local_ts": 1773532825644, "server_ts": 1773532825654, "data": {"e": "forceOrder", "E": 1773532825654, "o": {"s": "SAHARAUSDT", "S": "SELL", "o": "LIMIT", "f": "IOC", "q": "47330", "p": "0.0241900", "ap": "0.0245300", "X": "FILLED", "l": "19280", "z": "47330", "T": 1773532825652}}}
{"local_ts": 1773532825833, "server_ts": 1773532825842, "data": {"e": "forceOrder", "E": 1773532825842, "o": {"s": "NOMUSDT", "S": "SELL", "o": "LIMIT", "f": "IOC", "q": "13737", "p": "0.0031890", "ap": "0.0032350", "X": "FILLED", "l": "6720", "z": "13737", "T": 1773532825840}}}
{"local_ts": 1773532826310, "server_ts": 1773532826318, "data": {"e": "forceOrder", "E": 1773532826318, "o": {"s": "CUSDT", "S": "BUY", "o": "LIMIT", "f": "IOC", "q": "20338", "p": "0.0775800", "ap": "0.0763711", "X": "FILLED", "l": "2272", "z": "20338", "T": 1773532826316}}}
{"local_ts": 1773532827071, "server_ts": 1773532827082, "data": {"e": "forceOrder", "E": 1773532827082, "o": {"s": "APRUSDT", "S": "SELL", "o": "LIMIT", "f": "IOC", "q": "51", "p": "0.1701200", "ap": "0.1722500", "X": "FILLED", "l": "51", "z": "51", "T": 1773532827080}}}
{"local_ts": 1773532827072, "server_ts": 1773532827082, "data": {"e": "forceOrder", "E": 1773532827082, "o": {"s": "APRUSDT", "S": "SELL", "o": "LIMIT", "f": "IOC", "q": "51", "p": "0.1701200", "ap": "0.1722500", "X": "FILLED", "l": "51", "z": "51", "T": 1773532827080}}}
{"local_ts": 1773532827102, "server_ts": 1773532827113, "data": {"e": "forceOrder", "E": 1773532827113, "o": {"s": "OPNUSDT", "S": "BUY", "o": "LIMIT", "f": "IOC", "q": "724", "p": "0.3235000", "ap": "0.3188000", "X": "FILLED", "l": "724", "z": "724", "T": 1773532827110}}}
{"local_ts": 1773532827103, "server_ts": 1773532827113, "data": {"e": "forceOrder", "E": 1773532827113, "o": {"s": "OPNUSDT", "S": "BUY", "o": "LIMIT", "f": "IOC", "q": "724", "p": "0.3235000", "ap": "0.3188000", "X": "FILLED", "l": "724", "z": "724", "T": 1773532827110}}}
{"local_ts": 1773532827222, "server_ts": 1773532827231, "data": {"e": "forceOrder", "E": 1773532827231, "o": {"s": "BIRBUSDT", "S": "SELL", "o": "LIMIT", "f": "IOC", "q": "16557", "p": "0.1736900", "ap": "0.1763214", "X": "FILLED", "l": "8767", "z": "16557", "T": 1773532827229}}}
{"local_ts": 1773532827224, "server_ts": 1773532827231, "data": {"e": "forceOrder", "E": 1773532827231, "o": {"s": "BIRBUSDT", "S": "SELL", "o": "LIMIT", "f": "IOC", "q": "16557", "p": "0.1736900", "ap": "0.1763214", "X": "FILLED", "l": "8767", "z": "16557", "T": 1773532827229}}}
{"local_ts": 1773532830471, "server_ts": 1773532830482, "data": {"e": "forceOrder", "E": 1773532830482, "o": {"s": "AXSUSDT", "S": "BUY", "o": "LIMIT", "f": "IOC", "q": "65", "p": "1.27700", "ap": "1.25900", "X": "FILLED", "l": "65", "z": "65", "T": 1773532830479}}}
{"local_ts": 1773532830473, "server_ts": 1773532830482, "data": {"e": "forceOrder", "E": 1773532830482, "o": {"s": "AXSUSDT", "S": "BUY", "o": "LIMIT", "f": "IOC", "q": "65", "p": "1.27700", "ap": "1.25900", "X": "FILLED", "l": "65", "z": "65", "T": 1773532830479}}}
{"local_ts": 1773532831120, "server_ts": 1773532831130, "data": {"e": "forceOrder", "E": 1773532831130, "o": {"s": "BIRBUSDT", "S": "SELL", "o": "LIMIT", "f": "IOC", "q": "81", "p": "0.1735400", "ap": "0.1763200", "X": "FILLED", "l": "81", "z": "81", "T": 1773532831127}}}
{"local_ts": 1773532833612, "server_ts": 1773532833622, "data": {"e": "forceOrder", "E": 1773532833622, "o": {"s": "CUSDT", "S": "BUY", "o": "LIMIT", "f": "IOC", "q": "1438", "p": "0.0776500", "ap": "0.0766200", "X": "FILLED", "l": "331", "z": "1438", "T": 1773532833619}}}
{"local_ts": 1773532833618, "server_ts": 1773532833622, "data": {"e": "forceOrder", "E": 1773532833622, "o": {"s": "CUSDT", "S": "BUY", "o": "LIMIT", "f": "IOC", "q": "1438", "p": "0.0776500", "ap": "0.0766200", "X": "FILLED", "l": "331", "z": "1438", "T": 1773532833619}}}
{"local_ts": 1773532834091, "server_ts": 1773532834101, "data": {"e": "forceOrder", "E": 1773532834101, "o": {"s": "ENSOUSDT", "S": "SELL", "o": "LIMIT", "f": "IOC", "q": "895.5", "p": "1.272400", "ap": "1.291163", "X": "FILLED", "l": "119.3", "z": "895.5", "T": 1773532834098}}}
{"local_ts": 1773532834553, "server_ts": 1773532834562, "data": {"e": "forceOrder", "E": 1773532834562, "o": {"s": "BIRBUSDT", "S": "SELL", "o": "LIMIT", "f": "IOC", "q": "257", "p": "0.1735000", "ap": "0.1761100", "X": "FILLED", "l": "257", "z": "257", "T": 1773532834561}}}
{"local_ts": 1773532834754, "server_ts": 1773532834764, "data": {"e": "forceOrder", "E": 1773532834764, "o": {"s": "LINKUSDT", "S": "BUY", "o": "LIMIT", "f": "IOC", "q": "110.07", "p": "9.220", "ap": "9.175", "X": "FILLED", "l": "95.07", "z": "110.07", "T": 1773532834762}}}
{"local_ts": 1773532835631, "server_ts": 1773532835641, "data": {"e": "forceOrder", "E": 1773532835641, "o": {"s": "YGGUSDT", "S": "SELL", "o": "LIMIT", "f": "IOC", "q": "119621", "p": "0.0408500", "ap": "0.0413372", "X": "FILLED", "l": "511", "z": "119621", "T": 1773532835638}}}
{"local_ts": 1773532836076, "server_ts": 1773532836087, "data": {"e": "forceOrder", "E": 1773532836087, "o": {"s": "AXSUSDT", "S": "BUY", "o": "LIMIT", "f": "IOC", "q": "15", "p": "1.28000", "ap": "1.26200", "X": "FILLED", "l": "15", "z": "15", "T": 1773532836085}}}
{"local_ts": 1773532836078, "server_ts": 1773532836087, "data": {"e": "forceOrder", "E": 1773532836087, "o": {"s": "AXSUSDT", "S": "BUY", "o": "LIMIT", "f": "IOC", "q": "15", "p": "1.28000", "ap": "1.26200", "X": "FILLED", "l": "15", "z": "15", "T": 1773532836085}}}
{"local_ts": 1773532838434, "server_ts": 1773532838443, "data": {"e": "forceOrder", "E": 1773532838443, "o": {"s": "RIVERUSDT", "S": "BUY", "o": "LIMIT", "f": "IOC", "q": "22.1", "p": "22.379000", "ap": "22.057000", "X": "FILLED", "l": "21.5", "z": "22.1", "T": 1773532838441}}}
{"local_ts": 1773532838443, "server_ts": 1773532838443, "data": {"e": "forceOrder", "E": 1773532838443, "o": {"s": "RIVERUSDT", "S": "BUY", "o": "LIMIT", "f": "IOC", "q": "22.1", "p": "22.379000", "ap": "22.057000", "X": "FILLED", "l": "21.5", "z": "22.1", "T": 1773532838441}}}
{"local_ts": 1773532839600, "server_ts": 1773532839609, "data": {"e": "forceOrder", "E": 1773532839609, "o": {"s": "ARCUSDT", "S": "BUY", "o": "LIMIT", "f": "IOC", "q": "198", "p": "0.0498600", "ap": "0.0490300", "X": "FILLED", "l": "198", "z": "198", "T": 1773532839607}}}
{"local_ts": 1773532839611, "server_ts": 1773532839609, "data": {"e": "forceOrder", "E": 1773532839609, "o": {"s": "ARCUSDT", "S": "BUY", "o": "LIMIT", "f": "IOC", "q": "198", "p": "0.0498600", "ap": "0.0490300", "X": "FILLED", "l": "198", "z": "198", "T": 1773532839607}}}
{"local_ts": 1773532840418, "server_ts": 1773532840428, "data": {"e": "forceOrder", "E": 1773532840428, "o": {"s": "APRUSDT", "S": "SELL", "o": "LIMIT", "f": "IOC", "q": "172", "p": "0.1696400", "ap": "0.1724016", "X": "FILLED", "l": "72", "z": "172", "T": 1773532840424}}}
{"local_ts": 1773532840418, "server_ts": 1773532840428, "data": {"e": "forceOrder", "E": 1773532840428, "o": {"s": "APRUSDT", "S": "SELL", "o": "LIMIT", "f": "IOC", "q": "172", "p": "0.1696400", "ap": "0.1724016", "X": "FILLED", "l": "72", "z": "172", "T": 1773532840424}}}
{"local_ts": 1773532842103, "server_ts": 1773532842114, "data": {"e": "forceOrder", "E": 1773532842114, "o": {"s": "CUSDT", "S": "BUY", "o": "LIMIT", "f": "IOC", "q": "2648", "p": "0.0781100", "ap": "0.0767207", "X": "FILLED", "l": "205", "z": "2648", "T": 1773532842112}}}
{"local_ts": 1773532842103, "server_ts": 1773532842114, "data": {"e": "forceOrder", "E": 1773532842114, "o": {"s": "CUSDT", "S": "BUY", "o": "LIMIT", "f": "IOC", "q": "2648", "p": "0.0781100", "ap": "0.0767207", "X": "FILLED", "l": "205", "z": "2648", "T": 1773532842112}}}
{"local_ts": 1773532842324, "server_ts": 1773532842334, "data": {"e": "forceOrder", "E": 1773532842334, "o": {"s": "APRUSDT", "S": "SELL", "o": "LIMIT", "f": "IOC", "q": "47309", "p": "0.1698400", "ap": "0.1722828", "X": "FILLED", "l": "457", "z": "47309", "T": 1773532842331}}}
{"local_ts": 1773532842333, "server_ts": 1773532842334, "data": {"e": "forceOrder", "E": 1773532842334, "o": {"s": "APRUSDT", "S": "SELL", "o": "LIMIT", "f": "IOC", "q": "47309", "p": "0.1698400", "ap": "0.1722828", "X": "FILLED", "l": "457", "z": "47309", "T": 1773532842331}}}
{"local_ts": 1773532843162, "server_ts": 1773532843172, "data": {"e": "forceOrder", "E": 1773532843172, "o": {"s": "RAVEUSDT", "S": "BUY", "o": "LIMIT", "f": "IOC", "q": "350", "p": "0.2852800", "ap": "0.2789953", "X": "FILLED", "l": "5", "z": "350", "T": 1773532843169}}}
{"local_ts": 1773532845289, "server_ts": 1773532845292, "data": {"e": "forceOrder", "E": 1773532845292, "o": {"s": "AXSUSDT", "S": "BUY", "o": "LIMIT", "f": "IOC", "q": "7", "p": "1.28300", "ap": "1.26400", "X": "FILLED", "l": "7", "z": "7", "T": 1773532845290}}}
{"local_ts": 1773532849811, "server_ts": 1773532849822, "data": {"e": "forceOrder", "E": 1773532849822, "o": {"s": "RENDERUSDT", "S": "SELL", "o": "LIMIT", "f": "IOC", "q": "471.1", "p": "1.8490000", "ap": "1.8680000", "X": "FILLED", "l": "471.1", "z": "471.1", "T": 1773532849819}}}
{"local_ts": 1773532849815, "server_ts": 1773532849822, "data": {"e": "forceOrder", "E": 1773532849822, "o": {"s": "RENDERUSDT", "S": "SELL", "o": "LIMIT", "f": "IOC", "q": "471.1", "p": "1.8490000", "ap": "1.8680000", "X": "FILLED", "l": "471.1", "z": "471.1", "T": 1773532849819}}}
{"local_ts": 1773532852069, "server_ts": 1773532852079, "data": {"e": "forceOrder", "E": 1773532852079, "o": {"s": "LINKUSDT", "S": "BUY", "o": "LIMIT", "f": "IOC", "q": "101.80", "p": "9.227", "ap": "9.177", "X": "FILLED", "l": "86.88", "z": "101.80", "T": 1773532852076}}}
{"local_ts": 1773532852069, "server_ts": 1773532852079, "data": {"e": "forceOrder", "E": 1773532852079, "o": {"s": "LINKUSDT", "S": "BUY", "o": "LIMIT", "f": "IOC", "q": "101.80", "p": "9.227", "ap": "9.177", "X": "FILLED", "l": "86.88", "z": "101.80", "T": 1773532852076}}}
{"local_ts": 1773532862380, "server_ts": 1773532862389, "data": {"e": "forceOrder", "E": 1773532862389, "o": {"s": "EIGENUSDT", "S": "BUY", "o": "LIMIT", "f": "IOC", "q": "1708.6", "p": "0.1947000", "ap": "0.1928000", "X": "FILLED", "l": "252.7", "z": "1708.6", "T": 1773532862387}}}
{"local_ts": 1773532862381, "server_ts": 1773532862389, "data": {"e": "forceOrder", "E": 1773532862389, "o": {"s": "EIGENUSDT", "S": "BUY", "o": "LIMIT", "f": "IOC", "q": "1708.6", "p": "0.1947000", "ap": "0.1928000", "X": "FILLED", "l": "252.7", "z": "1708.6", "T": 1773532862387}}}
{"local_ts": 1773532863378, "server_ts": 1773532863388, "data": {"e": "forceOrder", "E": 1773532863388, "o": {"s": "BIRBUSDT", "S": "SELL", "o": "LIMIT", "f": "IOC", "q": "549", "p": "0.1727100", "ap": "0.1750009", "X": "FILLED", "l": "360", "z": "549", "T": 1773532863386}}}
{"local_ts": 1773532863400, "server_ts": 1773532863411, "data": {"e": "forceOrder", "E": 1773532863411, "o": {"s": "COSUSDT", "S": "BUY", "o": "LIMIT", "f": "IOC", "q": "5307", "p": "0.0022730", "ap": "0.0021770", "X": "FILLED", "l": "5307", "z": "5307", "T": 1773532863407}}}
{"local_ts": 1773532863401, "server_ts": 1773532863411, "data": {"e": "forceOrder", "E": 1773532863411, "o": {"s": "龙虾USDT", "S": "BUY", "o": "LIMIT", "f": "IOC", "q": "2031", "p": "0.0182530", "ap": "0.0167973", "X": "FILLED", "l": "631", "z": "2031", "T": 1773532863407}}}
{"local_ts": 1773532863402, "server_ts": 1773532863411, "data": {"e": "forceOrder", "E": 1773532863411, "o": {"s": "BANANAS31USDT", "S": "BUY", "o": "LIMIT", "f": "IOC", "q": "323988", "p": "0.0099830", "ap": "0.0098438", "X": "FILLED", "l": "20114", "z": "323988", "T": 1773532863407}}}
{"local_ts": 1773532863402, "server_ts": 1773532863411, "data": {"e": "forceOrder", "E": 1773532863411, "o": {"s": "BANANAS31USDT", "S": "BUY", "o": "LIMIT", "f": "IOC", "q": "323988", "p": "0.0099830", "ap": "0.0098438", "X": "FILLED", "l": "20114", "z": "323988", "T": 1773532863407}}}
{"local_ts": 1773532864481, "server_ts": 1773532864491, "data": {"e": "forceOrder", "E": 1773532864491, "o": {"s": "XRPUSDT", "S": "BUY", "o": "LIMIT", "f": "IOC", "q": "7.8", "p": "1.4154", "ap": "1.4085", "X": "FILLED", "l": "7.8", "z": "7.8", "T": 1773532864489}}}
{"local_ts": 1773532864483, "server_ts": 1773532864491, "data": {"e": "forceOrder", "E": 1773532864491, "o": {"s": "XRPUSDT", "S": "BUY", "o": "LIMIT", "f": "IOC", "q": "7.8", "p": "1.4154", "ap": "1.4085", "X": "FILLED", "l": "7.8", "z": "7.8", "T": 1773532864489}}}
{"local_ts": 1773532867164, "server_ts": 1773532867173, "data": {"e": "forceOrder", "E": 1773532867173, "o": {"s": "YGGUSDT", "S": "SELL", "o": "LIMIT", "f": "IOC", "q": "4506", "p": "0.0418290", "ap": "0.0426795", "X": "FILLED", "l": "2012", "z": "4506", "T": 1773532867171}}}
{"local_ts": 1773532867460, "server_ts": 1773532867468, "data": {"e": "forceOrder", "E": 1773532867468, "o": {"s": "MAGICUSDT", "S": "SELL", "o": "LIMIT", "f": "IOC", "q": "5000.0", "p": "0.062600", "ap": "0.063389", "X": "FILLED", "l": "1048.3", "z": "5000.0", "T": 1773532867466}}}
{"local_ts": 1773532870026, "server_ts": 1773532870037, "data": {"e": "forceOrder", "E": 1773532870037, "o": {"s": "OPNUSDT", "S": "BUY", "o": "LIMIT", "f": "IOC", "q": "12003", "p": "0.3265000", "ap": "0.3215077", "X": "FILLED", "l": "8", "z": "12003", "T": 1773532870035}}}
{"local_ts": 1773532870030, "server_ts": 1773532870037, "data": {"e": "forceOrder", "E": 1773532870037, "o": {"s": "OPNUSDT", "S": "BUY", "o": "LIMIT", "f": "IOC", "q": "12003", "p": "0.3265000", "ap": "0.3215077", "X": "FILLED", "l": "8", "z": "12003", "T": 1773532870035}}}
{"local_ts": 1773532870374, "server_ts": 1773532870385, "data": {"e": "forceOrder", "E": 1773532870385, "o": {"s": "PIXELUSDT", "S": "BUY", "o": "LIMIT", "f": "IOC", "q": "21936", "p": "0.0122830", "ap": "0.0121140", "X": "FILLED", "l": "258", "z": "21936", "T": 1773532870382}}}
{"local_ts": 1773532870380, "server_ts": 1773532870385, "data": {"e": "forceOrder", "E": 1773532870385, "o": {"s": "PIXELUSDT", "S": "BUY", "o": "LIMIT", "f": "IOC", "q": "21936", "p": "0.0122830", "ap": "0.0121140", "X": "FILLED", "l": "258", "z": "21936", "T": 1773532870382}}}
{"local_ts": 1773532875796, "server_ts": 1773532875807, "data": {"e": "forceOrder", "E": 1773532875807, "o": {"s": "TRUMPUSDT", "S": "BUY", "o": "LIMIT", "f": "IOC", "q": "40.11", "p": "4.062000", "ap": "4.018000", "X": "FILLED", "l": "40.11", "z": "40.11", "T": 1773532875805}}}
{"local_ts": 1773532875797, "server_ts": 1773532875807, "data": {"e": "forceOrder", "E": 1773532875807, "o": {"s": "TRUMPUSDT", "S": "BUY", "o": "LIMIT", "f": "IOC", "q": "40.11", "p": "4.062000", "ap": "4.018000", "X": "FILLED", "l": "40.11", "z": "40.11", "T": 1773532875805}}}
{"local_ts": 1773532875797, "server_ts": 1773532875807, "data": {"e": "forceOrder", "E": 1773532875807, "o": {"s": "XRPUSDT", "S": "SELL", "o": "LIMIT", "f": "IOC", "q": "4.1", "p": "1.4015", "ap": "1.4082", "X": "FILLED", "l": "4.1", "z": "4.1", "T": 1773532875805}}}
{"local_ts": 1773532875797, "server_ts": 1773532875807, "data": {"e": "forceOrder", "E": 1773532875807, "o": {"s": "XRPUSDT", "S": "SELL", "o": "LIMIT", "f": "IOC", "q": "4.1", "p": "1.4015", "ap": "1.4082", "X": "FILLED", "l": "4.1", "z": "4.1", "T": 1773532875805}}}
{"local_ts": 1773532877202, "server_ts": 1773532877213, "data": {"e": "forceOrder", "E": 1773532877213, "o": {"s": "APRUSDT", "S": "SELL", "o": "LIMIT", "f": "IOC", "q": "441", "p": "0.1693200", "ap": "0.1717592", "X": "FILLED", "l": "35", "z": "441", "T": 1773532877211}}}
{"local_ts": 1773532877210, "server_ts": 1773532877213, "data": {"e": "forceOrder", "E": 1773532877213, "o": {"s": "APRUSDT", "S": "SELL", "o": "LIMIT", "f": "IOC", "q": "441", "p": "0.1693200", "ap": "0.1717592", "X": "FILLED", "l": "35", "z": "441", "T": 1773532877211}}}
{"local_ts": 1773532877353, "server_ts": 1773532877363, "data": {"e": "forceOrder", "E": 1773532877363, "o": {"s": "PIXELUSDT", "S": "BUY", "o": "LIMIT", "f": "IOC", "q": "439", "p": "0.0123160", "ap": "0.0121350", "X": "FILLED", "l": "439", "z": "439", "T": 1773532877361}}}
{"local_ts": 1773532877356, "server_ts": 1773532877363, "data": {"e": "forceOrder", "E": 1773532877363, "o": {"s": "PIXELUSDT", "S": "BUY", "o": "LIMIT", "f": "IOC", "q": "439", "p": "0.0123160", "ap": "0.0121350", "X": "FILLED", "l": "439", "z": "439", "T": 1773532877361}}}
{"local_ts": 1773532879657, "server_ts": 1773532879666, "data": {"e": "forceOrder", "E": 1773532879666, "o": {"s": "LYNUSDT", "S": "SELL", "o": "LIMIT", "f": "IOC", "q": "81", "p": "0.1443700", "ap": "0.1470900", "X": "FILLED", "l": "81", "z": "81", "T": 1773532879663}}}
{"local_ts": 1773532879658, "server_ts": 1773532879666, "data": {"e": "forceOrder", "E": 1773532879666, "o": {"s": "LYNUSDT", "S": "SELL", "o": "LIMIT", "f": "IOC", "q": "81", "p": "0.1443700", "ap": "0.1470900", "X": "FILLED", "l": "81", "z": "81", "T": 1773532879663}}}
{"local_ts": 1773532880695, "server_ts": 1773532880705, "data": {"e": "forceOrder", "E": 1773532880705, "o": {"s": "LYNUSDT", "S": "SELL", "o": "LIMIT", "f": "IOC", "q": "7142", "p": "0.1436400", "ap": "0.1466991", "X": "FILLED", "l": "180", "z": "7142", "T": 1773532880702}}}
{"local_ts": 1773532882172, "server_ts": 1773532882182, "data": {"e": "forceOrder", "E": 1773532882182, "o": {"s": "YGGUSDT", "S": "SELL", "o": "LIMIT", "f": "IOC", "q": "58990", "p": "0.0415500", "ap": "0.0420575", "X": "FILLED", "l": "1633", "z": "58990", "T": 1773532882180}}}
{"local_ts": 1773532882173, "server_ts": 1773532882182, "data": {"e": "forceOrder", "E": 1773532882182, "o": {"s": "YGGUSDT", "S": "SELL", "o": "LIMIT", "f": "IOC", "q": "58990", "p": "0.0415500", "ap": "0.0420575", "X": "FILLED", "l": "1633", "z": "58990", "T": 1773532882180}}}
{"local_ts": 1773532886135, "server_ts": 1773532886145, "data": {"e": "forceOrder", "E": 1773532886145, "o": {"s": "LYNUSDT", "S": "SELL", "o": "LIMIT", "f": "IOC", "q": "270", "p": "0.1431800", "ap": "0.1465200", "X": "FILLED", "l": "270", "z": "270", "T": 1773532886143}}}
{"local_ts": 1773532886146, "server_ts": 1773532886145, "data": {"e": "forceOrder", "E": 1773532886145, "o": {"s": "LYNUSDT", "S": "SELL", "o": "LIMIT", "f": "IOC", "q": "270", "p": "0.1431800", "ap": "0.1465200", "X": "FILLED", "l": "270", "z": "270", "T": 1773532886143}}}
{"local_ts": 1773532887249, "server_ts": 1773532887248, "data": {"e": "forceOrder", "E": 1773532887248, "o": {"s": "LYNUSDT", "S": "SELL", "o": "LIMIT", "f": "IOC", "q": "803", "p": "0.1430900", "ap": "0.1466100", "X": "FILLED", "l": "803", "z": "803", "T": 1773532887246}}}
{"local_ts": 1773532888236, "server_ts": 1773532888243, "data": {"e": "forceOrder", "E": 1773532888243, "o": {"s": "NOMUSDT", "S": "SELL", "o": "LIMIT", "f": "IOC", "q": "697044", "p": "0.0031860", "ap": "0.0032309", "X": "FILLED", "l": "25223", "z": "697044", "T": 1773532888241}}}
{"local_ts": 1773532888239, "server_ts": 1773532888243, "data": {"e": "forceOrder", "E": 1773532888243, "o": {"s": "NOMUSDT", "S": "SELL", "o": "LIMIT", "f": "IOC", "q": "697044", "p": "0.0031860", "ap": "0.0032309", "X": "FILLED", "l": "25223", "z": "697044", "T": 1773532888241}}}
{"local_ts": 1773532888652, "server_ts": 1773532888660, "data": {"e": "forceOrder", "E": 1773532888660, "o": {"s": "FOGOUSDT", "S": "SELL", "o": "LIMIT", "f": "IOC", "q": "209945", "p": "0.0233200", "ap": "0.0235986", "X": "FILLED", "l": "52581", "z": "209945", "T": 1773532888657}}}
{"local_ts": 1773532888657, "server_ts": 1773532888660, "data": {"e": "forceOrder", "E": 1773532888660, "o": {"s": "FOGOUSDT", "S": "SELL", "o": "LIMIT", "f": "IOC", "q": "209945", "p": "0.0233200", "ap": "0.0235986", "X": "FILLED", "l": "52581", "z": "209945", "T": 1773532888657}}}
{"local_ts": 1773532889464, "server_ts": 1773532889474, "data": {"e": "forceOrder", "E": 1773532889474, "o": {"s": "LYNUSDT", "S": "SELL", "o": "LIMIT", "f": "IOC", "q": "570", "p": "0.1428000", "ap": "0.1468600", "X": "FILLED", "l": "570", "z": "570", "T": 1773532889472}}}
{"local_ts": 1773532889474, "server_ts": 1773532889474, "data": {"e": "forceOrder", "E": 1773532889474, "o": {"s": "LYNUSDT", "S": "SELL", "o": "LIMIT", "f": "IOC", "q": "570", "p": "0.1428000", "ap": "0.1468600", "X": "FILLED", "l": "570", "z": "570", "T": 1773532889472}}}
{"local_ts": 1773532890032, "server_ts": 1773532890044, "data": {"e": "forceOrder", "E": 1773532890044, "o": {"s": "NOMUSDT", "S": "SELL", "o": "LIMIT", "f": "IOC", "q": "5757", "p": "0.0031850", "ap": "0.0032350", "X": "FILLED", "l": "5757", "z": "5757", "T": 1773532890040}}}
{"local_ts": 1773532890035, "server_ts": 1773532890044, "data": {"e": "forceOrder", "E": 1773532890044, "o": {"s": "NOMUSDT", "S": "SELL", "o": "LIMIT", "f": "IOC", "q": "5757", "p": "0.0031850", "ap": "0.0032350", "X": "FILLED", "l": "5757", "z": "5757", "T": 1773532890040}}}
{"local_ts": 1773532890240, "server_ts": 1773532890248, "data": {"e": "forceOrder", "E": 1773532890248, "o": {"s": "FLOWUSDT", "S": "SELL", "o": "LIMIT", "f": "IOC", "q": "21263.0", "p": "0.0422900", "ap": "0.0444376", "X": "FILLED", "l": "2216.4", "z": "21263.0", "T": 1773532890246}}}
{"local_ts": 1773532890243, "server_ts": 1773532890248, "data": {"e": "forceOrder", "E": 1773532890248, "o": {"s": "FLOWUSDT", "S": "SELL", "o": "LIMIT", "f": "IOC", "q": "21263.0", "p": "0.0422900", "ap": "0.0444376", "X": "FILLED", "l": "2216.4", "z": "21263.0", "T": 1773532890246}}}
{"local_ts": 1773532891184, "server_ts": 1773532891194, "data": {"e": "forceOrder", "E": 1773532891194, "o": {"s": "CUSDT", "S": "BUY", "o": "LIMIT", "f": "IOC", "q": "10271", "p": "0.0785300", "ap": "0.0773421", "X": "FILLED", "l": "6122", "z": "10271", "T": 1773532891193}}}
{"local_ts": 1773532892740, "server_ts": 1773532892751, "data": {"e": "forceOrder", "E": 1773532892751, "o": {"s": "BLESSUSDT", "S": "BUY", "o": "LIMIT", "f": "IOC", "q": "9729", "p": "0.0063100", "ap": "0.0062110", "X": "FILLED", "l": "4481", "z": "9729", "T": 1773532892749}}}
{"local_ts": 1773532892753, "server_ts": 1773532892751, "data": {"e": "forceOrder", "E": 1773532892751, "o": {"s": "BLESSUSDT", "S": "BUY", "o": "LIMIT", "f": "IOC", "q": "9729", "p": "0.0063100", "ap": "0.0062110", "X": "FILLED", "l": "4481", "z": "9729", "T": 1773532892749}}}
{"local_ts": 1773532893090, "server_ts": 1773532893103, "data": {"e": "forceOrder", "E": 1773532893103, "o": {"s": "LYNUSDT", "S": "SELL", "o": "LIMIT", "f": "IOC", "q": "269", "p": "0.1424600", "ap": "0.1463900", "X": "FILLED", "l": "19", "z": "269", "T": 1773532893100}}}
{"local_ts": 1773532893091, "server_ts": 1773532893103, "data": {"e": "forceOrder", "E": 1773532893103, "o": {"s": "LYNUSDT", "S": "SELL", "o": "LIMIT", "f": "IOC", "q": "269", "p": "0.1424600", "ap": "0.1463900", "X": "FILLED", "l": "19", "z": "269", "T": 1773532893100}}}
{"local_ts": 1773532896649, "server_ts": 1773532896658, "data": {"e": "forceOrder", "E": 1773532896658, "o": {"s": "FLOWUSDT", "S": "SELL", "o": "LIMIT", "f": "IOC", "q": "10407.8", "p": "0.0422300", "ap": "0.0443900", "X": "FILLED", "l": "779.4", "z": "10407.8", "T": 1773532896655}}}
{"local_ts": 1773532896651, "server_ts": 1773532896658, "data": {"e": "forceOrder", "E": 1773532896658, "o": {"s": "FLOWUSDT", "S": "SELL", "o": "LIMIT", "f": "IOC", "q": "10407.8", "p": "0.0422300", "ap": "0.0443900", "X": "FILLED", "l": "779.4", "z": "10407.8", "T": 1773532896655}}}
{"local_ts": 1773532897106, "server_ts": 1773532897114, "data": {"e": "forceOrder", "E": 1773532897114, "o": {"s": "LYNUSDT", "S": "SELL", "o": "LIMIT", "f": "IOC", "q": "916", "p": "0.1421400", "ap": "0.1464200", "X": "FILLED", "l": "233", "z": "916", "T": 1773532897112}}}
{"local_ts": 1773532897599, "server_ts": 1773532897609, "data": {"e": "forceOrder", "E": 1773532897609, "o": {"s": "CUSDT", "S": "BUY", "o": "LIMIT", "f": "IOC", "q": "5876", "p": "0.0787500", "ap": "0.0770563", "X": "FILLED", "l": "3747", "z": "5876", "T": 1773532897607}}}
{"local_ts": 1773532898397, "server_ts": 1773532898408, "data": {"e": "forceOrder", "E": 1773532898408, "o": {"s": "LYNUSDT", "S": "SELL", "o": "LIMIT", "f": "IOC", "q": "151", "p": "0.1420707", "ap": "0.1463700", "X": "FILLED", "l": "151", "z": "151", "T": 1773532898406}}}
{"local_ts": 1773532898403, "server_ts": 1773532898408, "data": {"e": "forceOrder", "E": 1773532898408, "o": {"s": "LYNUSDT", "S": "SELL", "o": "LIMIT", "f": "IOC", "q": "151", "p": "0.1420707", "ap": "0.1463700", "X": "FILLED", "l": "151", "z": "151", "T": 1773532898406}}}
{"local_ts": 1773532898467, "server_ts": 1773532898477, "data": {"e": "forceOrder", "E": 1773532898477, "o": {"s": "TAOUSDT", "S": "BUY", "o": "LIMIT", "f": "IOC", "q": "0.462", "p": "252.24", "ap": "249.56", "X": "FILLED", "l": "0.191", "z": "0.462", "T": 1773532898474}}}
{"local_ts": 1773532898472, "server_ts": 1773532898477, "data": {"e": "forceOrder", "E": 1773532898477, "o": {"s": "TAOUSDT", "S": "BUY", "o": "LIMIT", "f": "IOC", "q": "0.462", "p": "252.24", "ap": "249.56", "X": "FILLED", "l": "0.191", "z": "0.462", "T": 1773532898474}}}
{"local_ts": 1773532899650, "server_ts": 1773532899660, "data": {"e": "forceOrder", "E": 1773532899660, "o": {"s": "YGGUSDT", "S": "BUY", "o": "LIMIT", "f": "IOC", "q": "11840", "p": "0.0431100", "ap": "0.0424900", "X": "FILLED", "l": "7812", "z": "11840", "T": 1773532899657}}}
{"local_ts": 1773532899655, "server_ts": 1773532899660, "data": {"e": "forceOrder", "E": 1773532899660, "o": {"s": "YGGUSDT", "S": "BUY", "o": "LIMIT", "f": "IOC", "q": "11840", "p": "0.0431100", "ap": "0.0424900", "X": "FILLED", "l": "7812", "z": "11840", "T": 1773532899657}}}
{"local_ts": 1773532907193, "server_ts": 1773532907203, "data": {"e": "forceOrder", "E": 1773532907203, "o": {"s": "TAOUSDT", "S": "BUY", "o": "LIMIT", "f": "IOC", "q": "0.873", "p": "252.51", "ap": "249.99", "X": "FILLED", "l": "0.750", "z": "0.873", "T": 1773532907200}}}
{"local_ts": 1773532907193, "server_ts": 1773532907203, "data": {"e": "forceOrder", "E": 1773532907203, "o": {"s": "XLMUSDT", "S": "BUY", "o": "LIMIT", "f": "IOC", "q": "663", "p": "0.16836", "ap": "0.16670", "X": "FILLED", "l": "663", "z": "663", "T": 1773532907200}}}
{"local_ts": 1773532907195, "server_ts": 1773532907203, "data": {"e": "forceOrder", "E": 1773532907203, "o": {"s": "TAOUSDT", "S": "BUY", "o": "LIMIT", "f": "IOC", "q": "0.873", "p": "252.51", "ap": "249.99", "X": "FILLED", "l": "0.750", "z": "0.873", "T": 1773532907200}}}
{"local_ts": 1773532907195, "server_ts": 1773532907203, "data": {"e": "forceOrder", "E": 1773532907203, "o": {"s": "XLMUSDT", "S": "BUY", "o": "LIMIT", "f": "IOC", "q": "663", "p": "0.16836", "ap": "0.16670", "X": "FILLED", "l": "663", "z": "663", "T": 1773532907200}}}
{"local_ts": 1773532907280, "server_ts": 1773532907291, "data": {"e": "forceOrder", "E": 1773532907291, "o": {"s": "LYNUSDT", "S": "SELL", "o": "LIMIT", "f": "IOC", "q": "34", "p": "0.1417200", "ap": "0.1461000", "X": "FILLED", "l": "34", "z": "34", "T": 1773532907288}}}
{"local_ts": 1773532907283, "server_ts": 1773532907291, "data": {"e": "forceOrder", "E": 1773532907291, "o": {"s": "LYNUSDT", "S": "SELL", "o": "LIMIT", "f": "IOC", "q": "34", "p": "0.1417200", "ap": "0.1461000", "X": "FILLED", "l": "34", "z": "34", "T": 1773532907288}}}
{"local_ts": 1773532907334, "server_ts": 1773532907344, "data": {"e": "forceOrder", "E": 1773532907344, "o": {"s": "LAUSDT", "S": "SELL", "o": "LIMIT", "f": "IOC", "q": "167.4", "p": "0.227400", "ap": "0.230800", "X": "FILLED", "l": "167.4", "z": "167.4", "T": 1773532907342}}}
{"local_ts": 1773532907334, "server_ts": 1773532907344, "data": {"e": "forceOrder", "E": 1773532907344, "o": {"s": "LAUSDT", "S": "SELL", "o": "LIMIT", "f": "IOC", "q": "167.4", "p": "0.227400", "ap": "0.230800", "X": "FILLED", "l": "167.4", "z": "167.4", "T": 1773532907342}}}
{"local_ts": 1773532907530, "server_ts": 1773532907540, "data": {"e": "forceOrder", "E": 1773532907540, "o": {"s": "BANANAS31USDT", "S": "SELL", "o": "LIMIT", "f": "IOC", "q": "169", "p": "0.0097170", "ap": "0.0098550", "X": "FILLED", "l": "169", "z": "169", "T": 1773532907538}}}
{"local_ts": 1773532910606, "server_ts": 1773532910617, "data": {"e": "forceOrder", "E": 1773532910617, "o": {"s": "ENSOUSDT", "S": "SELL", "o": "LIMIT", "f": "IOC", "q": "19.5", "p": "1.262200", "ap": "1.281120", "X": "FILLED", "l": "3.8", "z": "19.5", "T": 1773532910616}}}
{"local_ts": 1773532910607, "server_ts": 1773532910617, "data": {"e": "forceOrder", "E": 1773532910617, "o": {"s": "ENSOUSDT", "S": "SELL", "o": "LIMIT", "f": "IOC", "q": "19.5", "p": "1.262200", "ap": "1.281120", "X": "FILLED", "l": "3.8", "z": "19.5", "T": 1773532910616}}}
{"local_ts": 1773532922426, "server_ts": 1773532922435, "data": {"e": "forceOrder", "E": 1773532922435, "o": {"s": "APRUSDT", "S": "SELL", "o": "LIMIT", "f": "IOC", "q": "106", "p": "0.1686800", "ap": "0.1707200", "X": "FILLED", "l": "106", "z": "106", "T": 1773532922433}}}
{"local_ts": 1773532922522, "server_ts": 1773532922531, "data": {"e": "forceOrder", "E": 1773532922531, "o": {"s": "SYRUPUSDT", "S": "SELL", "o": "LIMIT", "f": "IOC", "q": "18120", "p": "0.2577900", "ap": "0.2614532", "X": "FILLED", "l": "1731", "z": "18120", "T": 1773532922528}}}
{"local_ts": 1773532924304, "server_ts": 1773532924316, "data": {"e": "forceOrder", "E": 1773532924316, "o": {"s": "OPNUSDT", "S": "BUY", "o": "LIMIT", "f": "IOC", "q": "1281", "p": "0.3271000", "ap": "0.3223122", "X": "FILLED", "l": "157", "z": "1281", "T": 1773532924313}}}
{"local_ts": 1773532924306, "server_ts": 1773532924316, "data": {"e": "forceOrder", "E": 1773532924316, "o": {"s": "OPNUSDT", "S": "BUY", "o": "LIMIT", "f": "IOC", "q": "1281", "p": "0.3271000", "ap": "0.3223122", "X": "FILLED", "l": "157", "z": "1281", "T": 1773532924313}}}
{"local_ts": 1773532928613, "server_ts": 1773532928623, "data": {"e": "forceOrder", "E": 1773532928623, "o": {"s": "APRUSDT", "S": "SELL", "o": "LIMIT", "f": "IOC", "q": "1635", "p": "0.1683300", "ap": "0.1703916", "X": "FILLED", "l": "233", "z": "1635", "T": 1773532928620}}}
{"local_ts": 1773532928615, "server_ts": 1773532928623, "data": {"e": "forceOrder", "E": 1773532928623, "o": {"s": "APRUSDT", "S": "SELL", "o": "LIMIT", "f": "IOC", "q": "1635", "p": "0.1683300", "ap": "0.1703916", "X": "FILLED", "l": "233", "z": "1635", "T": 1773532928620}}}
{"local_ts": 1773532928748, "server_ts": 1773532928759, "data": {"e": "forceOrder", "E": 1773532928759, "o": {"s": "WLDUSDT", "S": "SELL", "o": "LIMIT", "f": "IOC", "q": "36", "p": "0.3517000", "ap": "0.3550000", "X": "FILLED", "l": "36", "z": "36", "T": 1773532928757}}}
{"local_ts": 1773532928750, "server_ts": 1773532928759, "data": {"e": "forceOrder", "E": 1773532928759, "o": {"s": "WLDUSDT", "S": "SELL", "o": "LIMIT", "f": "IOC", "q": "36", "p": "0.3517000", "ap": "0.3550000", "X": "FILLED", "l": "36", "z": "36", "T": 1773532928757}}}
{"local_ts": 1773532929618, "server_ts": 1773532929629, "data": {"e": "forceOrder", "E": 1773532929629, "o": {"s": "ENSOUSDT", "S": "SELL", "o": "LIMIT", "f": "IOC", "q": "615.2", "p": "1.256400", "ap": "1.273559", "X": "FILLED", "l": "2.3", "z": "615.2", "T": 1773532929627}}}
{"local_ts": 1773532929618, "server_ts": 1773532929629, "data": {"e": "forceOrder", "E": 1773532929629, "o": {"s": "ENSOUSDT", "S": "SELL", "o": "LIMIT", "f": "IOC", "q": "615.2", "p": "1.256400", "ap": "1.273559", "X": "FILLED", "l": "2.3", "z": "615.2", "T": 1773532929627}}}
{"local_ts": 1773532931430, "server_ts": 1773532931438, "data": {"e": "forceOrder", "E": 1773532931438, "o": {"s": "APRUSDT", "S": "SELL", "o": "LIMIT", "f": "IOC", "q": "654", "p": "0.1679600", "ap": "0.1703100", "X": "FILLED", "l": "157", "z": "654", "T": 1773532931436}}}
{"local_ts": 1773532931433, "server_ts": 1773532931438, "data": {"e": "forceOrder", "E": 1773532931438, "o": {"s": "APRUSDT", "S": "SELL", "o": "LIMIT", "f": "IOC", "q": "654", "p": "0.1679600", "ap": "0.1703100", "X": "FILLED", "l": "157", "z": "654", "T": 1773532931436}}}
{"local_ts": 1773532932765, "server_ts": 1773532932774, "data": {"e": "forceOrder", "E": 1773532932774, "o": {"s": "APRUSDT", "S": "SELL", "o": "LIMIT", "f": "IOC", "q": "1744", "p": "0.1678361", "ap": "0.1705597", "X": "FILLED", "l": "52", "z": "1744", "T": 1773532932771}}}
{"local_ts": 1773532937118, "server_ts": 1773532937130, "data": {"e": "forceOrder", "E": 1773532937130, "o": {"s": "WLDUSDT", "S": "SELL", "o": "LIMIT", "f": "IOC", "q": "397", "p": "0.3516000", "ap": "0.3550000", "X": "FILLED", "l": "81", "z": "397", "T": 1773532937127}}}
{"local_ts": 1773532937120, "server_ts": 1773532937130, "data": {"e": "forceOrder", "E": 1773532937130, "o": {"s": "WLDUSDT", "S": "SELL", "o": "LIMIT", "f": "IOC", "q": "397", "p": "0.3516000", "ap": "0.3550000", "X": "FILLED", "l": "81", "z": "397", "T": 1773532937127}}}
{"local_ts": 1773532941183, "server_ts": 1773532941192, "data": {"e": "forceOrder", "E": 1773532941192, "o": {"s": "TRUMPUSDT", "S": "SELL", "o": "LIMIT", "f": "IOC", "q": "15.29", "p": "3.953000", "ap": "3.992000", "X": "FILLED", "l": "15.29", "z": "15.29", "T": 1773532941190}}}
{"local_ts": 1773532941189, "server_ts": 1773532941192, "data": {"e": "forceOrder", "E": 1773532941192, "o": {"s": "TRUMPUSDT", "S": "SELL", "o": "LIMIT", "f": "IOC", "q": "15.29", "p": "3.953000", "ap": "3.992000", "X": "FILLED", "l": "15.29", "z": "15.29", "T": 1773532941190}}}
{"local_ts": 1773532942626, "server_ts": 1773532942636, "data": {"e": "forceOrder", "E": 1773532942636, "o": {"s": "TRUMPUSDT", "S": "SELL", "o": "LIMIT", "f": "IOC", "q": "22.40", "p": "3.953070", "ap": "3.992000", "X": "FILLED", "l": "22.40", "z": "22.40", "T": 1773532942634}}}
{"local_ts": 1773532963359, "server_ts": 1773532963370, "data": {"e": "forceOrder", "E": 1773532963370, "o": {"s": "HOMEUSDT", "S": "SELL", "o": "LIMIT", "f": "IOC", "q": "960", "p": "0.0221060", "ap": "0.0223210", "X": "FILLED", "l": "960", "z": "960", "T": 1773532963367}}}
{"local_ts": 1773532963602, "server_ts": 1773532963613, "data": {"e": "forceOrder", "E": 1773532963613, "o": {"s": "EDENUSDT", "S": "SELL", "o": "LIMIT", "f": "IOC", "q": "323", "p": "0.0373400", "ap": "0.0380800", "X": "FILLED", "l": "323", "z": "323", "T": 1773532963606}}}
{"local_ts": 1773532963607, "server_ts": 1773532963613, "data": {"e": "forceOrder", "E": 1773532963613, "o": {"s": "EDENUSDT", "S": "SELL", "o": "LIMIT", "f": "IOC", "q": "323", "p": "0.0373400", "ap": "0.0380800", "X": "FILLED", "l": "323", "z": "323", "T": 1773532963606}}}
{"local_ts": 1773532969548, "server_ts": 1773532969559, "data": {"e": "forceOrder", "E": 1773532969559, "o": {"s": "PIXELUSDT", "S": "SELL", "o": "LIMIT", "f": "IOC", "q": "18949", "p": "0.0118390", "ap": "0.0120110", "X": "FILLED", "l": "6749", "z": "18949", "T": 1773532969557}}}
{"local_ts": 1773532970629, "server_ts": 1773532970634, "data": {"e": "forceOrder", "E": 1773532970634, "o": {"s": "PIXELUSDT", "S": "SELL", "o": "LIMIT", "f": "IOC", "q": "562", "p": "0.0118350", "ap": "0.0120060", "X": "FILLED", "l": "562", "z": "562", "T": 1773532970630}}}
{"local_ts": 1773532970637, "server_ts": 1773532970634, "data": {"e": "forceOrder", "E": 1773532970634, "o": {"s": "PIXELUSDT", "S": "SELL", "o": "LIMIT", "f": "IOC", "q": "562", "p": "0.0118350", "ap": "0.0120060", "X": "FILLED", "l": "562", "z": "562", "T": 1773532970630}}}
{"local_ts": 1773532995148, "server_ts": 1773532995158, "data": {"e": "forceOrder", "E": 1773532995158, "o": {"s": "DOODUSDT", "S": "SELL", "o": "LIMIT", "f": "IOC", "q": "216664", "p": "0.0032220", "ap": "0.0032612", "X": "FILLED", "l": "94333", "z": "216664", "T": 1773532995155}}}
{"local_ts": 1773532995150, "server_ts": 1773532995158, "data": {"e": "forceOrder", "E": 1773532995158, "o": {"s": "DOODUSDT", "S": "SELL", "o": "LIMIT", "f": "IOC", "q": "216664", "p": "0.0032220", "ap": "0.0032612", "X": "FILLED", "l": "94333", "z": "216664", "T": 1773532995155}}}
{"local_ts": 1773532999152, "server_ts": 1773532999163, "data": {"e": "forceOrder", "E": 1773532999163, "o": {"s": "PIXELUSDT", "S": "SELL", "o": "LIMIT", "f": "IOC", "q": "29666", "p": "0.0117830", "ap": "0.0119134", "X": "FILLED", "l": "17358", "z": "29666", "T": 1773532999160}}}
{"local_ts": 1773532999156, "server_ts": 1773532999163, "data": {"e": "forceOrder", "E": 1773532999163, "o": {"s": "PIXELUSDT", "S": "SELL", "o": "LIMIT", "f": "IOC", "q": "29666", "p": "0.0117830", "ap": "0.0119134", "X": "FILLED", "l": "17358", "z": "29666", "T": 1773532999160}}}
{"local_ts": 1773533000252, "server_ts": 1773533000264, "data": {"e": "forceOrder", "E": 1773533000264, "o": {"s": "YGGUSDT", "S": "BUY", "o": "LIMIT", "f": "IOC", "q": "11857", "p": "0.0431600", "ap": "0.0425858", "X": "FILLED", "l": "1822", "z": "11857", "T": 1773533000262}}}
{"local_ts": 1773533000253, "server_ts": 1773533000264, "data": {"e": "forceOrder", "E": 1773533000264, "o": {"s": "YGGUSDT", "S": "BUY", "o": "LIMIT", "f": "IOC", "q": "11857", "p": "0.0431600", "ap": "0.0425858", "X": "FILLED", "l": "1822", "z": "11857", "T": 1773533000262}}}
{"local_ts": 1773533000270, "server_ts": 1773533000280, "data": {"e": "forceOrder", "E": 1773533000280, "o": {"s": "DOODUSDT", "S": "SELL", "o": "LIMIT", "f": "IOC", "q": "39", "p": "0.0032170", "ap": "0.0032580", "X": "FILLED", "l": "39", "z": "39", "T": 1773533000279}}}
{"local_ts": 1773533000275, "server_ts": 1773533000280, "data": {"e": "forceOrder", "E": 1773533000280, "o": {"s": "DOODUSDT", "S": "SELL", "o": "LIMIT", "f": "IOC", "q": "39", "p": "0.0032170", "ap": "0.0032580", "X": "FILLED", "l": "39", "z": "39", "T": 1773533000279}}}
{"local_ts": 1773533000437, "server_ts": 1773533000449, "data": {"e": "forceOrder", "E": 1773533000449, "o": {"s": "PIXELUSDT", "S": "SELL", "o": "LIMIT", "f": "IOC", "q": "4866", "p": "0.0117410", "ap": "0.0118690", "X": "FILLED", "l": "4866", "z": "4866", "T": 1773533000446}}}
{"local_ts": 1773533000440, "server_ts": 1773533000449, "data": {"e": "forceOrder", "E": 1773533000449, "o": {"s": "PIXELUSDT", "S": "SELL", "o": "LIMIT", "f": "IOC", "q": "4866", "p": "0.0117410", "ap": "0.0118690", "X": "FILLED", "l": "4866", "z": "4866", "T": 1773533000446}}}
{"local_ts": 1773533002110, "server_ts": 1773533002120, "data": {"e": "forceOrder", "E": 1773533002120, "o": {"s": "DOODUSDT", "S": "SELL", "o": "LIMIT", "f": "IOC", "q": "27654", "p": "0.0032100", "ap": "0.0032340", "X": "FILLED", "l": "739", "z": "27654", "T": 1773533002117}}}
{"local_ts": 1773533002619, "server_ts": 1773533002631, "data": {"e": "forceOrder", "E": 1773533002631, "o": {"s": "CUSDT", "S": "SELL", "o": "LIMIT", "f": "IOC", "q": "83", "p": "0.0755900", "ap": "0.0764200", "X": "FILLED", "l": "83", "z": "83", "T": 1773533002629}}}
{"local_ts": 1773533002620, "server_ts": 1773533002631, "data": {"e": "forceOrder", "E": 1773533002631, "o": {"s": "CUSDT", "S": "SELL", "o": "LIMIT", "f": "IOC", "q": "83", "p": "0.0755900", "ap": "0.0764200", "X": "FILLED", "l": "83", "z": "83", "T": 1773533002629}}}
{"local_ts": 1773533002719, "server_ts": 1773533002732, "data": {"e": "forceOrder", "E": 1773533002732, "o": {"s": "YGGUSDT", "S": "BUY", "o": "LIMIT", "f": "IOC", "q": "1554", "p": "0.0433100", "ap": "0.0426000", "X": "FILLED", "l": "1554", "z": "1554", "T": 1773533002730}}}
{"local_ts": 1773533002720, "server_ts": 1773533002732, "data": {"e": "forceOrder", "E": 1773533002732, "o": {"s": "YGGUSDT", "S": "BUY", "o": "LIMIT", "f": "IOC", "q": "1554", "p": "0.0433100", "ap": "0.0426000", "X": "FILLED", "l": "1554", "z": "1554", "T": 1773533002730}}}
{"local_ts": 1773533003155, "server_ts": 1773533003167, "data": {"e": "forceOrder", "E": 1773533003167, "o": {"s": "DOODUSDT", "S": "SELL", "o": "LIMIT", "f": "IOC", "q": "1928", "p": "0.0031960", "ap": "0.0032410", "X": "FILLED", "l": "1928", "z": "1928", "T": 1773533003165}}}
{"local_ts": 1773533003156, "server_ts": 1773533003167, "data": {"e": "forceOrder", "E": 1773533003167, "o": {"s": "DOODUSDT", "S": "SELL", "o": "LIMIT", "f": "IOC", "q": "1928", "p": "0.0031960", "ap": "0.0032410", "X": "FILLED", "l": "1928", "z": "1928", "T": 1773533003165}}}
{"local_ts": 1773533006122, "server_ts": 1773533006134, "data": {"e": "forceOrder", "E": 1773533006134, "o": {"s": "DOODUSDT", "S": "SELL", "o": "LIMIT", "f": "IOC", "q": "10160", "p": "0.0031910", "ap": "0.0032390", "X": "FILLED", "l": "10160", "z": "10160", "T": 1773533006131}}}
{"local_ts": 1773533006124, "server_ts": 1773533006134, "data": {"e": "forceOrder", "E": 1773533006134, "o": {"s": "DOODUSDT", "S": "SELL", "o": "LIMIT", "f": "IOC", "q": "10160", "p": "0.0031910", "ap": "0.0032390", "X": "FILLED", "l": "10160", "z": "10160", "T": 1773533006131}}}
{"local_ts": 1773533018241, "server_ts": 1773533018253, "data": {"e": "forceOrder", "E": 1773533018253, "o": {"s": "NOMUSDT", "S": "SELL", "o": "LIMIT", "f": "IOC", "q": "7030", "p": "0.0031520", "ap": "0.0032310", "X": "FILLED", "l": "5662", "z": "7030", "T": 1773533018250}}}
{"local_ts": 1773533018241, "server_ts": 1773533018253, "data": {"e": "forceOrder", "E": 1773533018253, "o": {"s": "NOMUSDT", "S": "SELL", "o": "LIMIT", "f": "IOC", "q": "7030", "p": "0.0031520", "ap": "0.0032310", "X": "FILLED", "l": "5662", "z": "7030", "T": 1773533018250}}}
{"local_ts": 1773533024256, "server_ts": 1773533024267, "data": {"e": "forceOrder", "E": 1773533024267, "o": {"s": "TRUMPUSDT", "S": "BUY", "o": "LIMIT", "f": "IOC", "q": "506.51", "p": "4.061000", "ap": "4.019000", "X": "FILLED", "l": "471.57", "z": "506.51", "T": 1773533024266}}}
{"local_ts": 1773533024270, "server_ts": 1773533024267, "data": {"e": "forceOrder", "E": 1773533024267, "o": {"s": "TRUMPUSDT", "S": "BUY", "o": "LIMIT", "f": "IOC", "q": "506.51", "p": "4.061000", "ap": "4.019000", "X": "FILLED", "l": "471.57", "z": "506.51", "T": 1773533024266}}}
{"local_ts": 1773533031509, "server_ts": 1773533031520, "data": {"e": "forceOrder", "E": 1773533031520, "o": {"s": "PHBUSDT", "S": "SELL", "o": "LIMIT", "f": "IOC", "q": "41", "p": "0.1477000", "ap": "0.1514000", "X": "FILLED", "l": "41", "z": "41", "T": 1773533031518}}}
{"local_ts": 1773533038890, "server_ts": 1773533038902, "data": {"e": "forceOrder", "E": 1773533038902, "o": {"s": "NOMUSDT", "S": "SELL", "o": "LIMIT", "f": "IOC", "q": "93788", "p": "0.0031510", "ap": "0.0032290", "X": "FILLED", "l": "20946", "z": "93788", "T": 1773533038900}}}
{"local_ts": 1773533038894, "server_ts": 1773533038902, "data": {"e": "forceOrder", "E": 1773533038902, "o": {"s": "NOMUSDT", "S": "SELL", "o": "LIMIT", "f": "IOC", "q": "93788", "p": "0.0031510", "ap": "0.0032290", "X": "FILLED", "l": "20946", "z": "93788", "T": 1773533038900}}}
{"local_ts": 1773533043913, "server_ts": 1773533043925, "data": {"e": "forceOrder", "E": 1773533043925, "o": {"s": "STEEMUSDT", "S": "SELL", "o": "LIMIT", "f": "IOC", "q": "165", "p": "0.060510", "ap": "0.061220", "X": "FILLED", "l": "165", "z": "165", "T": 1773533043922}}}
{"local_ts": 1773533043914, "server_ts": 1773533043925, "data": {"e": "forceOrder", "E": 1773533043925, "o": {"s": "STEEMUSDT", "S": "SELL", "o": "LIMIT", "f": "IOC", "q": "165", "p": "0.060510", "ap": "0.061220", "X": "FILLED", "l": "165", "z": "165", "T": 1773533043922}}}
{"local_ts": 1773533045111, "server_ts": 1773533045124, "data": {"e": "forceOrder", "E": 1773533045124, "o": {"s": "YGGUSDT", "S": "SELL", "o": "LIMIT", "f": "IOC", "q": "41032", "p": "0.0416900", "ap": "0.0421450", "X": "FILLED", "l": "25587", "z": "41032", "T": 1773533045122}}}
{"local_ts": 1773533045112, "server_ts": 1773533045124, "data": {"e": "forceOrder", "E": 1773533045124, "o": {"s": "YGGUSDT", "S": "SELL", "o": "LIMIT", "f": "IOC", "q": "41032", "p": "0.0416900", "ap": "0.0421450", "X": "FILLED", "l": "25587", "z": "41032", "T": 1773533045122}}}
{"local_ts": 1773533045271, "server_ts": 1773533045283, "data": {"e": "forceOrder", "E": 1773533045283, "o": {"s": "BSVUSDT", "S": "SELL", "o": "LIMIT", "f": "IOC", "q": "13.6", "p": "15.75000", "ap": "15.85000", "X": "FILLED", "l": "13.6", "z": "13.6", "T": 1773533045282}}}
{"local_ts": 1773533045274, "server_ts": 1773533045283, "data": {"e": "forceOrder", "E": 1773533045283, "o": {"s": "BSVUSDT", "S": "SELL", "o": "LIMIT", "f": "IOC", "q": "13.6", "p": "15.75000", "ap": "15.85000", "X": "FILLED", "l": "13.6", "z": "13.6", "T": 1773533045282}}}
{"local_ts": 1773533047264, "server_ts": 1773533047276, "data": {"e": "forceOrder", "E": 1773533047276, "o": {"s": "YGGUSDT", "S": "SELL", "o": "LIMIT", "f": "IOC", "q": "1178", "p": "0.0416200", "ap": "0.0422100", "X": "FILLED", "l": "278", "z": "1178", "T": 1773533047273}}}
{"local_ts": 1773533052615, "server_ts": 1773533052626, "data": {"e": "forceOrder", "E": 1773533052626, "o": {"s": "SIGNUSDT", "S": "SELL", "o": "LIMIT", "f": "IOC", "q": "342", "p": "0.0458800", "ap": "0.0463400", "X": "FILLED", "l": "342", "z": "342", "T": 1773533052625}}}
{"local_ts": 1773533052620, "server_ts": 1773533052626, "data": {"e": "forceOrder", "E": 1773533052626, "o": {"s": "SIGNUSDT", "S": "SELL", "o": "LIMIT", "f": "IOC", "q": "342", "p": "0.0458800", "ap": "0.0463400", "X": "FILLED", "l": "342", "z": "342", "T": 1773533052625}}}
{"local_ts": 1773533060716, "server_ts": 1773533060729, "data": {"e": "forceOrder", "E": 1773533060729, "o": {"s": "ASTERUSDT", "S": "BUY", "o": "LIMIT", "f": "IOC", "q": "383", "p": "0.7227000", "ap": "0.7154000", "X": "FILLED", "l": "383", "z": "383", "T": 1773533060726}}}
{"local_ts": 1773533060717, "server_ts": 1773533060729, "data": {"e": "forceOrder", "E": 1773533060729, "o": {"s": "ASTERUSDT", "S": "BUY", "o": "LIMIT", "f": "IOC", "q": "383", "p": "0.7227000", "ap": "0.7154000", "X": "FILLED", "l": "383", "z": "383", "T": 1773533060726}}}
{"local_ts": 1773533061525, "server_ts": 1773533061537, "data": {"e": "forceOrder", "E": 1773533061537, "o": {"s": "PIXELUSDT", "S": "BUY", "o": "LIMIT", "f": "IOC", "q": "11421", "p": "0.0122600", "ap": "0.0120939", "X": "FILLED", "l": "3982", "z": "11421", "T": 1773533061534}}}
{"local_ts": 1773533063681, "server_ts": 1773533063692, "data": {"e": "forceOrder", "E": 1773533063692, "o": {"s": "ALLOUSDT", "S": "SELL", "o": "LIMIT", "f": "IOC", "q": "38", "p": "0.1311000", "ap": "0.1335400", "X": "FILLED", "l": "38", "z": "38", "T": 1773533063689}}}
{"local_ts": 1773533063686, "server_ts": 1773533063692, "data": {"e": "forceOrder", "E": 1773533063692, "o": {"s": "ALLOUSDT", "S": "SELL", "o": "LIMIT", "f": "IOC", "q": "38", "p": "0.1311000", "ap": "0.1335400", "X": "FILLED", "l": "38", "z": "38", "T": 1773533063689}}}
{"local_ts": 1773533070800, "server_ts": 1773533070812, "data": {"e": "forceOrder", "E": 1773533070812, "o": {"s": "PIXELUSDT", "S": "BUY", "o": "LIMIT", "f": "IOC", "q": "1833", "p": "0.0122980", "ap": "0.0121240", "X": "FILLED", "l": "967", "z": "1833", "T": 1773533070811}}}
{"local_ts": 1773533072163, "server_ts": 1773533072175, "data": {"e": "forceOrder", "E": 1773533072175, "o": {"s": "YGGUSDT", "S": "BUY", "o": "LIMIT", "f": "IOC", "q": "4478", "p": "0.0431300", "ap": "0.0425500", "X": "FILLED", "l": "2486", "z": "4478", "T": 1773533072171}}}
{"local_ts": 1773533078696, "server_ts": 1773533078710, "data": {"e": "forceOrder", "E": 1773533078710, "o": {"s": "DOODUSDT", "S": "SELL", "o": "LIMIT", "f": "IOC", "q": "19680", "p": "0.0031830", "ap": "0.0032275", "X": "FILLED", "l": "9626", "z": "19680", "T": 1773533078706}}}
{"local_ts": 1773533078698, "server_ts": 1773533078710, "data": {"e": "forceOrder", "E": 1773533078710, "o": {"s": "DOODUSDT", "S": "SELL", "o": "LIMIT", "f": "IOC", "q": "19680", "p": "0.0031830", "ap": "0.0032275", "X": "FILLED", "l": "9626", "z": "19680", "T": 1773533078706}}}
{"local_ts": 1773533086189, "server_ts": 1773533086200, "data": {"e": "forceOrder", "E": 1773533086200, "o": {"s": "PIXELUSDT", "S": "BUY", "o": "LIMIT", "f": "IOC", "q": "973", "p": "0.0123520", "ap": "0.0121460", "X": "FILLED", "l": "973", "z": "973", "T": 1773533086198}}}
{"local_ts": 1773533088419, "server_ts": 1773533088431, "data": {"e": "forceOrder", "E": 1773533088431, "o": {"s": "DOODUSDT", "S": "SELL", "o": "LIMIT", "f": "IOC", "q": "346004", "p": "0.0031780", "ap": "0.0032230", "X": "FILLED", "l": "78187", "z": "346004", "T": 1773533088429}}}
{"local_ts": 1773533088439, "server_ts": 1773533088431, "data": {"e": "forceOrder", "E": 1773533088431, "o": {"s": "DOODUSDT", "S": "SELL", "o": "LIMIT", "f": "IOC", "q": "346004", "p": "0.0031780", "ap": "0.0032230", "X": "FILLED", "l": "78187", "z": "346004", "T": 1773533088429}}}
{"local_ts": 1773533089753, "server_ts": 1773533089762, "data": {"e": "forceOrder", "E": 1773533089762, "o": {"s": "BIRBUSDT", "S": "SELL", "o": "LIMIT", "f": "IOC", "q": "1297", "p": "0.1717300", "ap": "0.1739932", "X": "FILLED", "l": "147", "z": "1297", "T": 1773533089760}}}
{"local_ts": 1773533093105, "server_ts": 1773533093114, "data": {"e": "forceOrder", "E": 1773533093114, "o": {"s": "BIRBUSDT", "S": "SELL", "o": "LIMIT", "f": "IOC", "q": "1405", "p": "0.1716300", "ap": "0.1739474", "X": "FILLED", "l": "361", "z": "1405", "T": 1773533093112}}}
{"local_ts": 1773533093111, "server_ts": 1773533093114, "data": {"e": "forceOrder", "E": 1773533093114, "o": {"s": "BIRBUSDT", "S": "SELL", "o": "LIMIT", "f": "IOC", "q": "1405", "p": "0.1716300", "ap": "0.1739474", "X": "FILLED", "l": "361", "z": "1405", "T": 1773533093112}}}
{"local_ts": 1773533097261, "server_ts": 1773533097274, "data": {"e": "forceOrder", "E": 1773533097274, "o": {"s": "YGGUSDT", "S": "BUY", "o": "LIMIT", "f": "IOC", "q": "152", "p": "0.0435400", "ap": "0.0428800", "X": "FILLED", "l": "152", "z": "152", "T": 1773533097271}}}
{"local_ts": 1773533097262, "server_ts": 1773533097274, "data": {"e": "forceOrder", "E": 1773533097274, "o": {"s": "YGGUSDT", "S": "BUY", "o": "LIMIT", "f": "IOC", "q": "152", "p": "0.0435400", "ap": "0.0428800", "X": "FILLED", "l": "152", "z": "152", "T": 1773533097271}}}
{"local_ts": 1773533103738, "server_ts": 1773533103749, "data": {"e": "forceOrder", "E": 1773533103749, "o": {"s": "PIXELUSDT", "S": "BUY", "o": "LIMIT", "f": "IOC", "q": "14466", "p": "0.0123740", "ap": "0.0122670", "X": "FILLED", "l": "1673", "z": "14466", "T": 1773533103747}}}
{"local_ts": 1773533105118, "server_ts": 1773533105129, "data": {"e": "forceOrder", "E": 1773533105129, "o": {"s": "PIXELUSDT", "S": "BUY", "o": "LIMIT", "f": "IOC", "q": "6253", "p": "0.0124360", "ap": "0.0122540", "X": "FILLED", "l": "6253", "z": "6253", "T": 1773533105127}}}
{"local_ts": 1773533105127, "server_ts": 1773533105129, "data": {"e": "forceOrder", "E": 1773533105129, "o": {"s": "PIXELUSDT", "S": "BUY", "o": "LIMIT", "f": "IOC", "q": "6253", "p": "0.0124360", "ap": "0.0122540", "X": "FILLED", "l": "6253", "z": "6253", "T": 1773533105127}}}
{"local_ts": 1773533108240, "server_ts": 1773533108251, "data": {"e": "forceOrder", "E": 1773533108251, "o": {"s": "PIXELUSDT", "S": "BUY", "o": "LIMIT", "f": "IOC", "q": "8302", "p": "0.0124490", "ap": "0.0122712", "X": "FILLED", "l": "1904", "z": "8302", "T": 1773533108249}}}
{"local_ts": 1773533108329, "server_ts": 1773533108341, "data": {"e": "forceOrder", "E": 1773533108341, "o": {"s": "BIRBUSDT", "S": "SELL", "o": "LIMIT", "f": "IOC", "q": "174", "p": "0.1708400", "ap": "0.1724655", "X": "FILLED", "l": "54", "z": "174", "T": 1773533108338}}}
{"local_ts": 1773533108334, "server_ts": 1773533108341, "data": {"e": "forceOrder", "E": 1773533108341, "o": {"s": "BIRBUSDT", "S": "SELL", "o": "LIMIT", "f": "IOC", "q": "174", "p": "0.1708400", "ap": "0.1724655", "X": "FILLED", "l": "54", "z": "174", "T": 1773533108338}}}
{"local_ts": 1773533108464, "server_ts": 1773533108476, "data": {"e": "forceOrder", "E": 1773533108476, "o": {"s": "HOOKUSDT", "S": "SELL", "o": "LIMIT", "f": "IOC", "q": "430.9", "p": "0.021440", "ap": "0.022520", "X": "FILLED", "l": "132.7", "z": "430.9", "T": 1773533108474}}}
{"local_ts": 1773533108478, "server_ts": 1773533108476, "data": {"e": "forceOrder", "E": 1773533108476, "o": {"s": "HOOKUSDT", "S": "SELL", "o": "LIMIT", "f": "IOC", "q": "430.9", "p": "0.021440", "ap": "0.022520", "X": "FILLED", "l": "132.7", "z": "430.9", "T": 1773533108474}}}
{"local_ts": 1773533110187, "server_ts": 1773533110199, "data": {"e": "forceOrder", "E": 1773533110199, "o": {"s": "BIRBUSDT", "S": "SELL", "o": "LIMIT", "f": "IOC", "q": "4619", "p": "0.1706100", "ap": "0.1724753", "X": "FILLED", "l": "344", "z": "4619", "T": 1773533110197}}}
{"local_ts": 1773533111632, "server_ts": 1773533111646, "data": {"e": "forceOrder", "E": 1773533111646, "o": {"s": "HOOKUSDT", "S": "SELL", "o": "LIMIT", "f": "IOC", "q": "359.9", "p": "0.021410", "ap": "0.022530", "X": "FILLED", "l": "243.9", "z": "359.9", "T": 1773533111644}}}
{"local_ts": 1773533111633, "server_ts": 1773533111646, "data": {"e": "forceOrder", "E": 1773533111646, "o": {"s": "HOOKUSDT", "S": "SELL", "o": "LIMIT", "f": "IOC", "q": "359.9", "p": "0.021410", "ap": "0.022530", "X": "FILLED", "l": "243.9", "z": "359.9", "T": 1773533111644}}}
{"local_ts": 1773533114250, "server_ts": 1773533114263, "data": {"e": "forceOrder", "E": 1773533114263, "o": {"s": "PIXELUSDT", "S": "BUY", "o": "LIMIT", "f": "IOC", "q": "1798", "p": "0.0125090", "ap": "0.0123350", "X": "FILLED", "l": "1798", "z": "1798", "T": 1773533114261}}}
{"local_ts": 1773533114251, "server_ts": 1773533114263, "data": {"e": "forceOrder", "E": 1773533114263, "o": {"s": "PIXELUSDT", "S": "BUY", "o": "LIMIT", "f": "IOC", "q": "1798", "p": "0.0125090", "ap": "0.0123350", "X": "FILLED", "l": "1798", "z": "1798", "T": 1773533114261}}}
{"local_ts": 1773533114783, "server_ts": 1773533114796, "data": {"e": "forceOrder", "E": 1773533114796, "o": {"s": "TRUMPUSDT", "S": "SELL", "o": "LIMIT", "f": "IOC", "q": "114.21", "p": "3.952000", "ap": "3.988000", "X": "FILLED", "l": "0.94", "z": "114.21", "T": 1773533114794}}}
{"local_ts": 1773533114785, "server_ts": 1773533114796, "data": {"e": "forceOrder", "E": 1773533114796, "o": {"s": "TRUMPUSDT", "S": "SELL", "o": "LIMIT", "f": "IOC", "q": "114.21", "p": "3.952000", "ap": "3.988000", "X": "FILLED", "l": "0.94", "z": "114.21", "T": 1773533114794}}}
{"local_ts": 1773533118005, "server_ts": 1773533118017, "data": {"e": "forceOrder", "E": 1773533118017, "o": {"s": "SAHARAUSDT", "S": "SELL", "o": "LIMIT", "f": "IOC", "q": "481", "p": "0.0244100", "ap": "0.0247400", "X": "FILLED", "l": "481", "z": "481", "T": 1773533118014}}}
{"local_ts": 1773533118013, "server_ts": 1773533118017, "data": {"e": "forceOrder", "E": 1773533118017, "o": {"s": "SAHARAUSDT", "S": "SELL", "o": "LIMIT", "f": "IOC", "q": "481", "p": "0.0244100", "ap": "0.0247400", "X": "FILLED", "l": "481", "z": "481", "T": 1773533118014}}}
{"local_ts": 1773533131087, "server_ts": 1773533131100, "data": {"e": "forceOrder", "E": 1773533131100, "o": {"s": "KATUSDT", "S": "SELL", "o": "LIMIT", "f": "IOC", "q": "3211", "p": "0.0162300", "ap": "0.0167700", "X": "FILLED", "l": "2057", "z": "3211", "T": 1773533131097}}}
{"local_ts": 1773533131313, "server_ts": 1773533131324, "data": {"e": "forceOrder", "E": 1773533131324, "o": {"s": "TAOUSDT", "S": "BUY", "o": "LIMIT", "f": "IOC", "q": "3.384", "p": "252.62", "ap": "251.61", "X": "FILLED", "l": "2.987", "z": "3.384", "T": 1773533131321}}}
{"local_ts": 1773533131319, "server_ts": 1773533131324, "data": {"e": "forceOrder", "E": 1773533131324, "o": {"s": "TAOUSDT", "S": "BUY", "o": "LIMIT", "f": "IOC", "q": "3.384", "p": "252.62", "ap": "251.61", "X": "FILLED", "l": "2.987", "z": "3.384", "T": 1773533131321}}}
{"local_ts": 1773533132325, "server_ts": 1773533132337, "data": {"e": "forceOrder", "E": 1773533132337, "o": {"s": "TAOUSDT", "S": "BUY", "o": "LIMIT", "f": "IOC", "q": "0.545", "p": "252.95", "ap": "251.59", "X": "FILLED", "l": "0.464", "z": "0.545", "T": 1773533132336}}}
{"local_ts": 1773533132325, "server_ts": 1773533132337, "data": {"e": "forceOrder", "E": 1773533132337, "o": {"s": "TAOUSDT", "S": "BUY", "o": "LIMIT", "f": "IOC", "q": "0.545", "p": "252.95", "ap": "251.59", "X": "FILLED", "l": "0.464", "z": "0.545", "T": 1773533132336}}}
{"local_ts": 1773533132514, "server_ts": 1773533132525, "data": {"e": "forceOrder", "E": 1773533132525, "o": {"s": "UAIUSDT", "S": "BUY", "o": "LIMIT", "f": "IOC", "q": "367", "p": "0.3667000", "ap": "0.3618000", "X": "FILLED", "l": "322", "z": "367", "T": 1773533132523}}}
{"local_ts": 1773533132515, "server_ts": 1773533132525, "data": {"e": "forceOrder", "E": 1773533132525, "o": {"s": "UAIUSDT", "S": "BUY", "o": "LIMIT", "f": "IOC", "q": "367", "p": "0.3667000", "ap": "0.3618000", "X": "FILLED", "l": "322", "z": "367", "T": 1773533132523}}}
{"local_ts": 1773533133094, "server_ts": 1773533133105, "data": {"e": "forceOrder", "E": 1773533133105, "o": {"s": "RIVERUSDT", "S": "BUY", "o": "LIMIT", "f": "IOC", "q": "10.4", "p": "22.367000", "ap": "22.045557", "X": "FILLED", "l": "7.3", "z": "10.4", "T": 1773533133104}}}
{"local_ts": 1773533133095, "server_ts": 1773533133105, "data": {"e": "forceOrder", "E": 1773533133105, "o": {"s": "RIVERUSDT", "S": "BUY", "o": "LIMIT", "f": "IOC", "q": "10.4", "p": "22.367000", "ap": "22.045557", "X": "FILLED", "l": "7.3", "z": "10.4", "T": 1773533133104}}}
{"local_ts": 1773533133351, "server_ts": 1773533133363, "data": {"e": "forceOrder", "E": 1773533133363, "o": {"s": "TAOUSDT", "S": "BUY", "o": "LIMIT", "f": "IOC", "q": "2.541", "p": "253.92", "ap": "251.54", "X": "FILLED", "l": "0.268", "z": "2.541", "T": 1773533133361}}}
{"local_ts": 1773533133356, "server_ts": 1773533133363, "data": {"e": "forceOrder", "E": 1773533133363, "o": {"s": "TAOUSDT", "S": "BUY", "o": "LIMIT", "f": "IOC", "q": "2.541", "p": "253.92", "ap": "251.54", "X": "FILLED", "l": "0.268", "z": "2.541", "T": 1773533133361}}}
{"local_ts": 1773533134548, "server_ts": 1773533134562, "data": {"e": "forceOrder", "E": 1773533134562, "o": {"s": "TAOUSDT", "S": "BUY", "o": "LIMIT", "f": "IOC", "q": "2.002", "p": "254.10", "ap": "251.43", "X": "FILLED", "l": "0.344", "z": "2.002", "T": 1773533134559}}}
{"local_ts": 1773533134691, "server_ts": 1773533134701, "data": {"e": "forceOrder", "E": 1773533134701, "o": {"s": "KATUSDT", "S": "SELL", "o": "LIMIT", "f": "IOC", "q": "25825", "p": "0.0162100", "ap": "0.0167320", "X": "FILLED", "l": "504", "z": "25825", "T": 1773533134698}}}
{"local_ts": 1773533140106, "server_ts": 1773533140111, "data": {"e": "forceOrder", "E": 1773533140111, "o": {"s": "KATUSDT", "S": "SELL", "o": "LIMIT", "f": "IOC", "q": "283", "p": "0.0160700", "ap": "0.0167600", "X": "FILLED", "l": "283", "z": "283", "T": 1773533140109}}}
{"local_ts": 1773533140658, "server_ts": 1773533140668, "data": {"e": "forceOrder", "E": 1773533140668, "o": {"s": "APRUSDT", "S": "SELL", "o": "LIMIT", "f": "IOC", "q": "899", "p": "0.1674600", "ap": "0.1693017", "X": "FILLED", "l": "746", "z": "899", "T": 1773533140666}}}
{"local_ts": 1773533140665, "server_ts": 1773533140668, "data": {"e": "forceOrder", "E": 1773533140668, "o": {"s": "APRUSDT", "S": "SELL", "o": "LIMIT", "f": "IOC", "q": "899", "p": "0.1674600", "ap": "0.1693017", "X": "FILLED", "l": "746", "z": "899", "T": 1773533140666}}}
{"local_ts": 1773533141321, "server_ts": 1773533141332, "data": {"e": "forceOrder", "E": 1773533141332, "o": {"s": "TAOUSDT", "S": "BUY", "o": "LIMIT", "f": "IOC", "q": "21.259", "p": "254.37", "ap": "252.16", "X": "FILLED", "l": "1.779", "z": "21.259", "T": 1773533141329}}}
{"local_ts": 1773533141391, "server_ts": 1773533141403, "data": {"e": "forceOrder", "E": 1773533141403, "o": {"s": "ETHUSDT", "S": "BUY", "o": "LIMIT", "f": "IOC", "q": "0.700", "p": "2102.47", "ap": "2094.32", "X": "FILLED", "l": "0.655", "z": "0.700", "T": 1773533141401}}}
{"local_ts": 1773533141391, "server_ts": 1773533141403, "data": {"e": "forceOrder", "E": 1773533141403, "o": {"s": "RIVERUSDT", "S": "BUY", "o": "LIMIT", "f": "IOC", "q": "15.0", "p": "22.364000", "ap": "22.048000", "X": "FILLED", "l": "2.8", "z": "15.0", "T": 1773533141401}}}
{"local_ts": 1773533141398, "server_ts": 1773533141403, "data": {"e": "forceOrder", "E": 1773533141403, "o": {"s": "ETHUSDT", "S": "BUY", "o": "LIMIT", "f": "IOC", "q": "0.700", "p": "2102.47", "ap": "2094.32", "X": "FILLED", "l": "0.655", "z": "0.700", "T": 1773533141401}}}
{"local_ts": 1773533141399, "server_ts": 1773533141403, "data": {"e": "forceOrder", "E": 1773533141403, "o": {"s": "RIVERUSDT", "S": "BUY", "o": "LIMIT", "f": "IOC", "q": "15.0", "p": "22.364000", "ap": "22.048000", "X": "FILLED", "l": "2.8", "z": "15.0", "T": 1773533141401}}}
{"local_ts": 1773533142419, "server_ts": 1773533142432, "data": {"e": "forceOrder", "E": 1773533142432, "o": {"s": "TAOUSDT", "S": "BUY", "o": "LIMIT", "f": "IOC", "q": "2.157", "p": "254.52", "ap": "252.24", "X": "FILLED", "l": "0.737", "z": "2.157", "T": 1773533142430}}}
{"local_ts": 1773533142420, "server_ts": 1773533142432, "data": {"e": "forceOrder", "E": 1773533142432, "o": {"s": "TAOUSDT", "S": "BUY", "o": "LIMIT", "f": "IOC", "q": "2.157", "p": "254.52", "ap": "252.24", "X": "FILLED", "l": "0.737", "z": "2.157", "T": 1773533142430}}}
{"local_ts": 1773533142516, "server_ts": 1773533142527, "data": {"e": "forceOrder", "E": 1773533142527, "o": {"s": "APRUSDT", "S": "SELL", "o": "LIMIT", "f": "IOC", "q": "388", "p": "0.1672100", "ap": "0.1693700", "X": "FILLED", "l": "270", "z": "388", "T": 1773533142525}}}
{"local_ts": 1773533142519, "server_ts": 1773533142527, "data": {"e": "forceOrder", "E": 1773533142527, "o": {"s": "APRUSDT", "S": "SELL", "o": "LIMIT", "f": "IOC", "q": "388", "p": "0.1672100", "ap": "0.1693700", "X": "FILLED", "l": "270", "z": "388", "T": 1773533142525}}}
{"local_ts": 1773533153350, "server_ts": 1773533153362, "data": {"e": "forceOrder", "E": 1773533153362, "o": {"s": "NOMUSDT", "S": "SELL", "o": "LIMIT", "f": "IOC", "q": "52434", "p": "0.0031490", "ap": "0.0032280", "X": "FILLED", "l": "52434", "z": "52434", "T": 1773533153361}}}
{"local_ts": 1773533153351, "server_ts": 1773533153362, "data": {"e": "forceOrder", "E": 1773533153362, "o": {"s": "NOMUSDT", "S": "SELL", "o": "LIMIT", "f": "IOC", "q": "52434", "p": "0.0031490", "ap": "0.0032280", "X": "FILLED", "l": "52434", "z": "52434", "T": 1773533153361}}}
{"local_ts": 1773533155173, "server_ts": 1773533155185, "data": {"e": "forceOrder", "E": 1773533155185, "o": {"s": "UAIUSDT", "S": "BUY", "o": "LIMIT", "f": "IOC", "q": "563", "p": "0.3678000", "ap": "0.3625000", "X": "FILLED", "l": "34", "z": "563", "T": 1773533155184}}}
{"local_ts": 1773533155173, "server_ts": 1773533155185, "data": {"e": "forceOrder", "E": 1773533155185, "o": {"s": "UAIUSDT", "S": "BUY", "o": "LIMIT", "f": "IOC", "q": "563", "p": "0.3678000", "ap": "0.3625000", "X": "FILLED", "l": "34", "z": "563", "T": 1773533155184}}}
{"local_ts": 1773533157270, "server_ts": 1773533157283, "data": {"e": "forceOrder", "E": 1773533157283, "o": {"s": "UAIUSDT", "S": "BUY", "o": "LIMIT", "f": "IOC", "q": "285", "p": "0.3680000", "ap": "0.3630000", "X": "FILLED", "l": "56", "z": "285", "T": 1773533157279}}}
{"local_ts": 1773533157282, "server_ts": 1773533157283, "data": {"e": "forceOrder", "E": 1773533157283, "o": {"s": "UAIUSDT", "S": "BUY", "o": "LIMIT", "f": "IOC", "q": "285", "p": "0.3680000", "ap": "0.3630000", "X": "FILLED", "l": "56", "z": "285", "T": 1773533157279}}}
{"local_ts": 1773533161213, "server_ts": 1773533161225, "data": {"e": "forceOrder", "E": 1773533161225, "o": {"s": "EDENUSDT", "S": "SELL", "o": "LIMIT", "f": "IOC", "q": "323", "p": "0.0373000", "ap": "0.0379800", "X": "FILLED", "l": "323", "z": "323", "T": 1773533161223}}}
{"local_ts": 1773533161217, "server_ts": 1773533161225, "data": {"e": "forceOrder", "E": 1773533161225, "o": {"s": "EDENUSDT", "S": "SELL", "o": "LIMIT", "f": "IOC", "q": "323", "p": "0.0373000", "ap": "0.0379800", "X": "FILLED", "l": "323", "z": "323", "T": 1773533161223}}}
{"local_ts": 1773533164767, "server_ts": 1773533164779, "data": {"e": "forceOrder", "E": 1773533164779, "o": {"s": "PIXELUSDT", "S": "SELL", "o": "LIMIT", "f": "IOC", "q": "7561", "p": "0.0120390", "ap": "0.0122310", "X": "FILLED", "l": "7561", "z": "7561", "T": 1773533164778}}}
{"local_ts": 1773533164769, "server_ts": 1773533164779, "data": {"e": "forceOrder", "E": 1773533164779, "o": {"s": "PIXELUSDT", "S": "SELL", "o": "LIMIT", "f": "IOC", "q": "7561", "p": "0.0120390", "ap": "0.0122310", "X": "FILLED", "l": "7561", "z": "7561", "T": 1773533164778}}}
{"local_ts": 1773533170438, "server_ts": 1773533170449, "data": {"e": "forceOrder", "E": 1773533170449, "o": {"s": "BANANAS31USDT", "S": "BUY", "o": "LIMIT", "f": "IOC", "q": "2255", "p": "0.0100400", "ap": "0.0099010", "X": "FILLED", "l": "740", "z": "2255", "T": 1773533170446}}}
{"local_ts": 1773533170438, "server_ts": 1773533170449, "data": {"e": "forceOrder", "E": 1773533170449, "o": {"s": "BANANAS31USDT", "S": "BUY", "o": "LIMIT", "f": "IOC", "q": "2255", "p": "0.0100400", "ap": "0.0099010", "X": "FILLED", "l": "740", "z": "2255", "T": 1773533170446}}}
{"local_ts": 1773533174406, "server_ts": 1773533174417, "data": {"e": "forceOrder", "E": 1773533174417, "o": {"s": "STEEMUSDT", "S": "SELL", "o": "LIMIT", "f": "IOC", "q": "625", "p": "0.060260", "ap": "0.061060", "X": "FILLED", "l": "625", "z": "625", "T": 1773533174416}}}
{"local_ts": 1773533183262, "server_ts": 1773533183275, "data": {"e": "forceOrder", "E": 1773533183275, "o": {"s": "TRUMPUSDT", "S": "BUY", "o": "LIMIT", "f": "IOC", "q": "251.06", "p": "4.038000", "ap": "4.000804", "X": "FILLED", "l": "41.91", "z": "251.06", "T": 1773533183273}}}
{"local_ts": 1773533183266, "server_ts": 1773533183275, "data": {"e": "forceOrder", "E": 1773533183275, "o": {"s": "TRUMPUSDT", "S": "BUY", "o": "LIMIT", "f": "IOC", "q": "251.06", "p": "4.038000", "ap": "4.000804", "X": "FILLED", "l": "41.91", "z": "251.06", "T": 1773533183273}}}
{"local_ts": 1773533185811, "server_ts": 1773533185824, "data": {"e": "forceOrder", "E": 1773533185824, "o": {"s": "TRUMPUSDT", "S": "BUY", "o": "LIMIT", "f": "IOC", "q": "41.73", "p": "4.040000", "ap": "4.000000", "X": "FILLED", "l": "41.73", "z": "41.73", "T": 1773533185821}}}
{"local_ts": 1773533186471, "server_ts": 1773533186484, "data": {"e": "forceOrder", "E": 1773533186484, "o": {"s": "KATUSDT", "S": "SELL", "o": "LIMIT", "f": "IOC", "q": "373", "p": "0.0160200", "ap": "0.0166300", "X": "FILLED", "l": "373", "z": "373", "T": 1773533186482}}}
{"local_ts": 1773533186471, "server_ts": 1773533186484, "data": {"e": "forceOrder", "E": 1773533186484, "o": {"s": "KATUSDT", "S": "SELL", "o": "LIMIT", "f": "IOC", "q": "373", "p": "0.0160200", "ap": "0.0166300", "X": "FILLED", "l": "373", "z": "373", "T": 1773533186482}}}
{"local_ts": 1773533187583, "server_ts": 1773533187596, "data": {"e": "forceOrder", "E": 1773533187596, "o": {"s": "STEEMUSDT", "S": "SELL", "o": "LIMIT", "f": "IOC", "q": "779", "p": "0.060090", "ap": "0.060935", "X": "FILLED", "l": "9", "z": "779", "T": 1773533187593}}}
{"local_ts": 1773533187766, "server_ts": 1773533187779, "data": {"e": "forceOrder", "E": 1773533187779, "o": {"s": "KATUSDT", "S": "SELL", "o": "LIMIT", "f": "IOC", "q": "4095", "p": "0.0160100", "ap": "0.0166308", "X": "FILLED", "l": "3748", "z": "4095", "T": 1773533187778}}}
{"local_ts": 1773533187766, "server_ts": 1773533187779, "data": {"e": "forceOrder", "E": 1773533187779, "o": {"s": "KATUSDT", "S": "SELL", "o": "LIMIT", "f": "IOC", "q": "4095", "p": "0.0160100", "ap": "0.0166308", "X": "FILLED", "l": "3748", "z": "4095", "T": 1773533187778}}}
{"local_ts": 1773533189146, "server_ts": 1773533189159, "data": {"e": "forceOrder", "E": 1773533189159, "o": {"s": "RIVERUSDT", "S": "BUY", "o": "LIMIT", "f": "IOC", "q": "1.4", "p": "22.423000", "ap": "22.120000", "X": "FILLED", "l": "1.4", "z": "1.4", "T": 1773533189157}}}
{"local_ts": 1773533191234, "server_ts": 1773533191245, "data": {"e": "forceOrder", "E": 1773533191245, "o": {"s": "RIVERUSDT", "S": "BUY", "o": "LIMIT", "f": "IOC", "q": "1.6", "p": "22.427000", "ap": "22.116000", "X": "FILLED", "l": "1.6", "z": "1.6", "T": 1773533191242}}}
{"local_ts": 1773533191240, "server_ts": 1773533191245, "data": {"e": "forceOrder", "E": 1773533191245, "o": {"s": "RIVERUSDT", "S": "BUY", "o": "LIMIT", "f": "IOC", "q": "1.6", "p": "22.427000", "ap": "22.116000", "X": "FILLED", "l": "1.6", "z": "1.6", "T": 1773533191242}}}
{"local_ts": 1773533191532, "server_ts": 1773533191544, "data": {"e": "forceOrder", "E": 1773533191544, "o": {"s": "BANANAS31USDT", "S": "BUY", "o": "LIMIT", "f": "IOC", "q": "133833", "p": "0.0100500", "ap": "0.0099013", "X": "FILLED", "l": "14700", "z": "133833", "T": 1773533191542}}}
{"local_ts": 1773533191974, "server_ts": 1773533191987, "data": {"e": "forceOrder", "E": 1773533191987, "o": {"s": "KATUSDT", "S": "SELL", "o": "LIMIT", "f": "IOC", "q": "66975", "p": "0.0159900", "ap": "0.0164728", "X": "FILLED", "l": "2389", "z": "66975", "T": 1773533191984}}}
{"local_ts": 1773533191976, "server_ts": 1773533191987, "data": {"e": "forceOrder", "E": 1773533191987, "o": {"s": "KATUSDT", "S": "SELL", "o": "LIMIT", "f": "IOC", "q": "66975", "p": "0.0159900", "ap": "0.0164728", "X": "FILLED", "l": "2389", "z": "66975", "T": 1773533191984}}}
{"local_ts": 1773533200367, "server_ts": 1773533200378, "data": {"e": "forceOrder", "E": 1773533200378, "o": {"s": "KATUSDT", "S": "SELL", "o": "LIMIT", "f": "IOC", "q": "6380", "p": "0.0159400", "ap": "0.0165200", "X": "FILLED", "l": "1622", "z": "6380", "T": 1773533200375}}}
{"local_ts": 1773533202337, "server_ts": 1773533202349, "data": {"e": "forceOrder", "E": 1773533202349, "o": {"s": "KATUSDT", "S": "SELL", "o": "LIMIT", "f": "IOC", "q": "1788", "p": "0.0159300", "ap": "0.0164700", "X": "FILLED", "l": "847", "z": "1788", "T": 1773533202346}}}
{"local_ts": 1773533202339, "server_ts": 1773533202349, "data": {"e": "forceOrder", "E": 1773533202349, "o": {"s": "KATUSDT", "S": "SELL", "o": "LIMIT", "f": "IOC", "q": "1788", "p": "0.0159300", "ap": "0.0164700", "X": "FILLED", "l": "847", "z": "1788", "T": 1773533202346}}}
{"local_ts": 1773533206129, "server_ts": 1773533206143, "data": {"e": "forceOrder", "E": 1773533206143, "o": {"s": "KATUSDT", "S": "SELL", "o": "LIMIT", "f": "IOC", "q": "10718", "p": "0.0158100", "ap": "0.0164861", "X": "FILLED", "l": "4142", "z": "10718", "T": 1773533206139}}}
{"local_ts": 1773533206129, "server_ts": 1773533206143, "data": {"e": "forceOrder", "E": 1773533206143, "o": {"s": "KATUSDT", "S": "SELL", "o": "LIMIT", "f": "IOC", "q": "10718", "p": "0.0158100", "ap": "0.0164861", "X": "FILLED", "l": "4142", "z": "10718", "T": 1773533206139}}}
{"local_ts": 1773533208681, "server_ts": 1773533208693, "data": {"e": "forceOrder", "E": 1773533208693, "o": {"s": "RIVERUSDT", "S": "BUY", "o": "LIMIT", "f": "IOC", "q": "0.9", "p": "22.453000", "ap": "22.124666", "X": "FILLED", "l": "0.6", "z": "0.9", "T": 1773533208690}}}
{"local_ts": 1773533208696, "server_ts": 1773533208693, "data": {"e": "forceOrder", "E": 1773533208693, "o": {"s": "RIVERUSDT", "S": "BUY", "o": "LIMIT", "f": "IOC", "q": "0.9", "p": "22.453000", "ap": "22.124666", "X": "FILLED", "l": "0.6", "z": "0.9", "T": 1773533208690}}}
{"local_ts": 1773533209654, "server_ts": 1773533209668, "data": {"e": "forceOrder", "E": 1773533209668, "o": {"s": "KATUSDT", "S": "SELL", "o": "LIMIT", "f": "IOC", "q": "1092", "p": "0.0157300", "ap": "0.0164600", "X": "FILLED", "l": "149", "z": "1092", "T": 1773533209665}}}
{"local_ts": 1773533209655, "server_ts": 1773533209668, "data": {"e": "forceOrder", "E": 1773533209668, "o": {"s": "KATUSDT", "S": "SELL", "o": "LIMIT", "f": "IOC", "q": "1092", "p": "0.0157300", "ap": "0.0164600", "X": "FILLED", "l": "149", "z": "1092", "T": 1773533209665}}}
{"local_ts": 1773533221415, "server_ts": 1773533221425, "data": {"e": "forceOrder", "E": 1773533221425, "o": {"s": "KATUSDT", "S": "SELL", "o": "LIMIT", "f": "IOC", "q": "592", "p": "0.0156500", "ap": "0.0164400", "X": "FILLED", "l": "205", "z": "592", "T": 1773533221422}}}
{"local_ts": 1773533221421, "server_ts": 1773533221425, "data": {"e": "forceOrder", "E": 1773533221425, "o": {"s": "KATUSDT", "S": "SELL", "o": "LIMIT", "f": "IOC", "q": "592", "p": "0.0156500", "ap": "0.0164400", "X": "FILLED", "l": "205", "z": "592", "T": 1773533221422}}}
{"local_ts": 1773533223510, "server_ts": 1773533223520, "data": {"e": "forceOrder", "E": 1773533223520, "o": {"s": "KATUSDT", "S": "SELL", "o": "LIMIT", "f": "IOC", "q": "132351", "p": "0.0156500", "ap": "0.0164475", "X": "FILLED", "l": "2855", "z": "132351", "T": 1773533223517}}}
{"local_ts": 1773533223511, "server_ts": 1773533223520, "data": {"e": "forceOrder", "E": 1773533223520, "o": {"s": "BANANAS31USDT", "S": "BUY", "o": "LIMIT", "f": "IOC", "q": "648040", "p": "0.0100620", "ap": "0.0099241", "X": "FILLED", "l": "10115", "z": "648040", "T": 1773533223517}}}
{"local_ts": 1773533223511, "server_ts": 1773533223520, "data": {"e": "forceOrder", "E": 1773533223520, "o": {"s": "BANANAS31USDT", "S": "BUY", "o": "LIMIT", "f": "IOC", "q": "648040", "p": "0.0100620", "ap": "0.0099241", "X": "FILLED", "l": "10115", "z": "648040", "T": 1773533223517}}}
{"local_ts": 1773533225192, "server_ts": 1773533225205, "data": {"e": "forceOrder", "E": 1773533225205, "o": {"s": "BANANAS31USDT", "S": "BUY", "o": "LIMIT", "f": "IOC", "q": "4975", "p": "0.0100550", "ap": "0.0099300", "X": "FILLED", "l": "182", "z": "4975", "T": 1773533225203}}}
{"local_ts": 1773533226574, "server_ts": 1773533226586, "data": {"e": "forceOrder", "E": 1773533226586, "o": {"s": "BANANAS31USDT", "S": "BUY", "o": "LIMIT", "f": "IOC", "q": "25365", "p": "0.0100610", "ap": "0.0099344", "X": "FILLED", "l": "9994", "z": "25365", "T": 1773533226583}}}
{"local_ts": 1773533227803, "server_ts": 1773533227817, "data": {"e": "forceOrder", "E": 1773533227817, "o": {"s": "KATUSDT", "S": "SELL", "o": "LIMIT", "f": "IOC", "q": "14076", "p": "0.0156400", "ap": "0.0164426", "X": "FILLED", "l": "802", "z": "14076", "T": 1773533227814}}}
{"local_ts": 1773533227804, "server_ts": 1773533227817, "data": {"e": "forceOrder", "E": 1773533227817, "o": {"s": "KATUSDT", "S": "SELL", "o": "LIMIT", "f": "IOC", "q": "14076", "p": "0.0156400", "ap": "0.0164426", "X": "FILLED", "l": "802", "z": "14076", "T": 1773533227814}}}
{"local_ts": 1773533228698, "server_ts": 1773533228711, "data": {"e": "forceOrder", "E": 1773533228711, "o": {"s": "BANANAS31USDT", "S": "BUY", "o": "LIMIT", "f": "IOC", "q": "12881", "p": "0.0100710", "ap": "0.0099280", "X": "FILLED", "l": "7723", "z": "12881", "T": 1773533228709}}}
{"local_ts": 1773533228700, "server_ts": 1773533228711, "data": {"e": "forceOrder", "E": 1773533228711, "o": {"s": "BANANAS31USDT", "S": "BUY", "o": "LIMIT", "f": "IOC", "q": "12881", "p": "0.0100710", "ap": "0.0099280", "X": "FILLED", "l": "7723", "z": "12881", "T": 1773533228709}}}
{"local_ts": 1773533231214, "server_ts": 1773533231227, "data": {"e": "forceOrder", "E": 1773533231227, "o": {"s": "APRUSDT", "S": "SELL", "o": "LIMIT", "f": "IOC", "q": "478", "p": "0.1665300", "ap": "0.1675369", "X": "FILLED", "l": "89", "z": "478", "T": 1773533231225}}}
{"local_ts": 1773533231586, "server_ts": 1773533231598, "data": {"e": "forceOrder", "E": 1773533231598, "o": {"s": "RIVERUSDT", "S": "BUY", "o": "LIMIT", "f": "IOC", "q": "0.3", "p": "22.468000", "ap": "22.147000", "X": "FILLED", "l": "0.3", "z": "0.3", "T": 1773533231596}}}
{"local_ts": 1773533233489, "server_ts": 1773533233501, "data": {"e": "forceOrder", "E": 1773533233501, "o": {"s": "APRUSDT", "S": "SELL", "o": "LIMIT", "f": "IOC", "q": "40", "p": "0.1661600", "ap": "0.1672200", "X": "FILLED", "l": "40", "z": "40", "T": 1773533233499}}}
{"local_ts": 1773533236254, "server_ts": 1773533236267, "data": {"e": "forceOrder", "E": 1773533236267, "o": {"s": "APRUSDT", "S": "SELL", "o": "LIMIT", "f": "IOC", "q": "1984", "p": "0.1651600", "ap": "0.1673957", "X": "FILLED", "l": "1120", "z": "1984", "T": 1773533236264}}}
{"local_ts": 1773533238365, "server_ts": 1773533238376, "data": {"e": "forceOrder", "E": 1773533238376, "o": {"s": "APRUSDT", "S": "SELL", "o": "LIMIT", "f": "IOC", "q": "6488", "p": "0.1649100", "ap": "0.1673993", "X": "FILLED", "l": "1750", "z": "6488", "T": 1773533238373}}}
{"local_ts": 1773533238368, "server_ts": 1773533238376, "data": {"e": "forceOrder", "E": 1773533238376, "o": {"s": "APRUSDT", "S": "SELL", "o": "LIMIT", "f": "IOC", "q": "6488", "p": "0.1649100", "ap": "0.1673993", "X": "FILLED", "l": "1750", "z": "6488", "T": 1773533238373}}}
{"local_ts": 1773533241997, "server_ts": 1773533242009, "data": {"e": "forceOrder", "E": 1773533242009, "o": {"s": "PIXELUSDT", "S": "BUY", "o": "LIMIT", "f": "IOC", "q": "712", "p": "0.0124590", "ap": "0.0122540", "X": "FILLED", "l": "712", "z": "712", "T": 1773533242008}}}
{"local_ts": 1773533244021, "server_ts": 1773533244033, "data": {"e": "forceOrder", "E": 1773533244033, "o": {"s": "CUSDT", "S": "BUY", "o": "LIMIT", "f": "IOC", "q": "168", "p": "0.0784300", "ap": "0.0772100", "X": "FILLED", "l": "168", "z": "168", "T": 1773533244024}}}
{"local_ts": 1773533244021, "server_ts": 1773533244033, "data": {"e": "forceOrder", "E": 1773533244033, "o": {"s": "CUSDT", "S": "BUY", "o": "LIMIT", "f": "IOC", "q": "168", "p": "0.0784300", "ap": "0.0772100", "X": "FILLED", "l": "168", "z": "168", "T": 1773533244024}}}
{"local_ts": 1773533244125, "server_ts": 1773533244137, "data": {"e": "forceOrder", "E": 1773533244137, "o": {"s": "HUMAUSDT", "S": "BUY", "o": "LIMIT", "f": "IOC", "q": "1459", "p": "0.0171620", "ap": "0.0169170", "X": "FILLED", "l": "500", "z": "1459", "T": 1773533244134}}}
{"local_ts": 1773533245451, "server_ts": 1773533245464, "data": {"e": "forceOrder", "E": 1773533245464, "o": {"s": "MOODENGUSDT", "S": "SELL", "o": "LIMIT", "f": "IOC", "q": "108208", "p": "0.0528900", "ap": "0.0533619", "X": "FILLED", "l": "5525", "z": "108208", "T": 1773533245461}}}
{"local_ts": 1773533246743, "server_ts": 1773533246757, "data": {"e": "forceOrder", "E": 1773533246757, "o": {"s": "MEMEUSDT", "S": "SELL", "o": "LIMIT", "f": "IOC", "q": "1297652", "p": "0.0005860", "ap": "0.0005906", "X": "FILLED", "l": "92251", "z": "1297652", "T": 1773533246756}}}
{"local_ts": 1773533246744, "server_ts": 1773533246757, "data": {"e": "forceOrder", "E": 1773533246757, "o": {"s": "MEMEUSDT", "S": "SELL", "o": "LIMIT", "f": "IOC", "q": "1297652", "p": "0.0005860", "ap": "0.0005906", "X": "FILLED", "l": "92251", "z": "1297652", "T": 1773533246756}}}
{"local_ts": 1773533247461, "server_ts": 1773533247475, "data": {"e": "forceOrder", "E": 1773533247475, "o": {"s": "BANANAS31USDT", "S": "BUY", "o": "LIMIT", "f": "IOC", "q": "11917", "p": "0.0100740", "ap": "0.0099280", "X": "FILLED", "l": "1705", "z": "11917", "T": 1773533247473}}}
{"local_ts": 1773533247466, "server_ts": 1773533247475, "data": {"e": "forceOrder", "E": 1773533247475, "o": {"s": "BANANAS31USDT", "S": "BUY", "o": "LIMIT", "f": "IOC", "q": "11917", "p": "0.0100740", "ap": "0.0099280", "X": "FILLED", "l": "1705", "z": "11917", "T": 1773533247473}}}
{"local_ts": 1773533252043, "server_ts": 1773533252056, "data": {"e": "forceOrder", "E": 1773533252056, "o": {"s": "GWEIUSDT", "S": "BUY", "o": "LIMIT", "f": "IOC", "q": "210", "p": "0.0416330", "ap": "0.0411980", "X": "FILLED", "l": "210", "z": "210", "T": 1773533252054}}}
{"local_ts": 1773533252049, "server_ts": 1773533252056, "data": {"e": "forceOrder", "E": 1773533252056, "o": {"s": "GWEIUSDT", "S": "BUY", "o": "LIMIT", "f": "IOC", "q": "210", "p": "0.0416330", "ap": "0.0411980", "X": "FILLED", "l": "210", "z": "210", "T": 1773533252054}}}
{"local_ts": 1773533252114, "server_ts": 1773533252127, "data": {"e": "forceOrder", "E": 1773533252127, "o": {"s": "LYNUSDT", "S": "SELL", "o": "LIMIT", "f": "IOC", "q": "36", "p": "0.1414400", "ap": "0.1456700", "X": "FILLED", "l": "36", "z": "36", "T": 1773533252125}}}
{"local_ts": 1773533252124, "server_ts": 1773533252127, "data": {"e": "forceOrder", "E": 1773533252127, "o": {"s": "LYNUSDT", "S": "SELL", "o": "LIMIT", "f": "IOC", "q": "36", "p": "0.1414400", "ap": "0.1456700", "X": "FILLED", "l": "36", "z": "36", "T": 1773533252125}}}
{"local_ts": 1773533252474, "server_ts": 1773533252487, "data": {"e": "forceOrder", "E": 1773533252487, "o": {"s": "NOMUSDT", "S": "SELL", "o": "LIMIT", "f": "IOC", "q": "20476", "p": "0.0031470", "ap": "0.0032280", "X": "FILLED", "l": "20476", "z": "20476", "T": 1773533252485}}}
{"local_ts": 1773533264390, "server_ts": 1773533264402, "data": {"e": "forceOrder", "E": 1773533264402, "o": {"s": "AEVOUSDT", "S": "SELL", "o": "LIMIT", "f": "IOC", "q": "525.2", "p": "0.0251800", "ap": "0.0255300", "X": "FILLED", "l": "525.2", "z": "525.2", "T": 1773533264400}}}
{"local_ts": 1773533269949, "server_ts": 1773533269960, "data": {"e": "forceOrder", "E": 1773533269960, "o": {"s": "MEMEUSDT", "S": "SELL", "o": "LIMIT", "f": "IOC", "q": "20000", "p": "0.0005830", "ap": "0.0005891", "X": "FILLED", "l": "3022", "z": "20000", "T": 1773533269957}}}
{"local_ts": 1773533272776, "server_ts": 1773533272788, "data": {"e": "forceOrder", "E": 1773533272788, "o": {"s": "NOMUSDT", "S": "SELL", "o": "LIMIT", "f": "IOC", "q": "26840", "p": "0.0031470", "ap": "0.0032250", "X": "FILLED", "l": "23737", "z": "26840", "T": 1773533272786}}}
{"local_ts": 1773533277560, "server_ts": 1773533277573, "data": {"e": "forceOrder", "E": 1773533277573, "o": {"s": "SIRENUSDT", "S": "BUY", "o": "LIMIT", "f": "IOC", "q": "4273", "p": "0.5985500", "ap": "0.5910080", "X": "FILLED", "l": "3249", "z": "4273", "T": 1773533277570}}}
{"local_ts": 1773533278759, "server_ts": 1773533278771, "data": {"e": "forceOrder", "E": 1773533278771, "o": {"s": "SIRENUSDT", "S": "BUY", "o": "LIMIT", "f": "IOC", "q": "229", "p": "0.5991600", "ap": "0.5913296", "X": "FILLED", "l": "12", "z": "229", "T": 1773533278768}}}
{"local_ts": 1773533278759, "server_ts": 1773533278771, "data": {"e": "forceOrder", "E": 1773533278771, "o": {"s": "SIRENUSDT", "S": "BUY", "o": "LIMIT", "f": "IOC", "q": "229", "p": "0.5991600", "ap": "0.5913296", "X": "FILLED", "l": "12", "z": "229", "T": 1773533278768}}}
{"local_ts": 1773533281798, "server_ts": 1773533281812, "data": {"e": "forceOrder", "E": 1773533281812, "o": {"s": "SIRENUSDT", "S": "BUY", "o": "LIMIT", "f": "IOC", "q": "5763", "p": "0.6006400", "ap": "0.5930642", "X": "FILLED", "l": "663", "z": "5763", "T": 1773533281809}}}
{"local_ts": 1773533281800, "server_ts": 1773533281812, "data": {"e": "forceOrder", "E": 1773533281812, "o": {"s": "SIRENUSDT", "S": "BUY", "o": "LIMIT", "f": "IOC", "q": "5763", "p": "0.6006400", "ap": "0.5930642", "X": "FILLED", "l": "663", "z": "5763", "T": 1773533281809}}}
{"local_ts": 1773533282463, "server_ts": 1773533282477, "data": {"e": "forceOrder", "E": 1773533282477, "o": {"s": "KATUSDT", "S": "SELL", "o": "LIMIT", "f": "IOC", "q": "1140", "p": "0.0156200", "ap": "0.0163000", "X": "FILLED", "l": "1140", "z": "1140", "T": 1773533282476}}}
{"local_ts": 1773533282465, "server_ts": 1773533282477, "data": {"e": "forceOrder", "E": 1773533282477, "o": {"s": "KATUSDT", "S": "SELL", "o": "LIMIT", "f": "IOC", "q": "1140", "p": "0.0156200", "ap": "0.0163000", "X": "FILLED", "l": "1140", "z": "1140", "T": 1773533282476}}}
{"local_ts": 1773533282587, "server_ts": 1773533282600, "data": {"e": "forceOrder", "E": 1773533282600, "o": {"s": "POWERUSDT", "S": "SELL", "o": "LIMIT", "f": "IOC", "q": "395", "p": "0.1228300", "ap": "0.1257400", "X": "FILLED", "l": "316", "z": "395", "T": 1773533282597}}}
{"local_ts": 1773533283288, "server_ts": 1773533283302, "data": {"e": "forceOrder", "E": 1773533283302, "o": {"s": "SIRENUSDT", "S": "BUY", "o": "LIMIT", "f": "IOC", "q": "32", "p": "0.6010900", "ap": "0.5927700", "X": "FILLED", "l": "32", "z": "32", "T": 1773533283300}}}
{"local_ts": 1773533283289, "server_ts": 1773533283302, "data": {"e": "forceOrder", "E": 1773533283302, "o": {"s": "SIRENUSDT", "S": "BUY", "o": "LIMIT", "f": "IOC", "q": "32", "p": "0.6010900", "ap": "0.5927700", "X": "FILLED", "l": "32", "z": "32", "T": 1773533283300}}}
{"local_ts": 1773533283632, "server_ts": 1773533283645, "data": {"e": "forceOrder", "E": 1773533283645, "o": {"s": "KATUSDT", "S": "SELL", "o": "LIMIT", "f": "IOC", "q": "13601", "p": "0.0154817", "ap": "0.0162590", "X": "FILLED", "l": "329", "z": "13601", "T": 1773533283643}}}
{"local_ts": 1773533284148, "server_ts": 1773533284160, "data": {"e": "forceOrder", "E": 1773533284160, "o": {"s": "BIRBUSDT", "S": "SELL", "o": "LIMIT", "f": "IOC", "q": "921", "p": "0.1699800", "ap": "0.1723618", "X": "FILLED", "l": "561", "z": "921", "T": 1773533284159}}}
{"local_ts": 1773533286673, "server_ts": 1773533286687, "data": {"e": "forceOrder", "E": 1773533286687, "o": {"s": "PIXELUSDT", "S": "SELL", "o": "LIMIT", "f": "IOC", "q": "3713", "p": "0.0120250", "ap": "0.0121490", "X": "FILLED", "l": "3713", "z": "3713", "T": 1773533286685}}}
{"local_ts": 1773533286687, "server_ts": 1773533286687, "data": {"e": "forceOrder", "E": 1773533286687, "o": {"s": "PIXELUSDT", "S": "SELL", "o": "LIMIT", "f": "IOC", "q": "3713", "p": "0.0120250", "ap": "0.0121490", "X": "FILLED", "l": "3713", "z": "3713", "T": 1773533286685}}}
{"local_ts": 1773533286786, "server_ts": 1773533286799, "data": {"e": "forceOrder", "E": 1773533286799, "o": {"s": "KATUSDT", "S": "SELL", "o": "LIMIT", "f": "IOC", "q": "332", "p": "0.0154800", "ap": "0.0161400", "X": "FILLED", "l": "332", "z": "332", "T": 1773533286797}}}
{"local_ts": 1773533286787, "server_ts": 1773533286799, "data": {"e": "forceOrder", "E": 1773533286799, "o": {"s": "KATUSDT", "S": "SELL", "o": "LIMIT", "f": "IOC", "q": "332", "p": "0.0154800", "ap": "0.0161400", "X": "FILLED", "l": "332", "z": "332", "T": 1773533286797}}}
{"local_ts": 1773533289786, "server_ts": 1773533289799, "data": {"e": "forceOrder", "E": 1773533289799, "o": {"s": "KATUSDT", "S": "SELL", "o": "LIMIT", "f": "IOC", "q": "393", "p": "0.0154500", "ap": "0.0161700", "X": "FILLED", "l": "393", "z": "393", "T": 1773533289796}}}
{"local_ts": 1773533289788, "server_ts": 1773533289799, "data": {"e": "forceOrder", "E": 1773533289799, "o": {"s": "KATUSDT", "S": "SELL", "o": "LIMIT", "f": "IOC", "q": "393", "p": "0.0154500", "ap": "0.0161700", "X": "FILLED", "l": "393", "z": "393", "T": 1773533289796}}}
{"local_ts": 1773533290004, "server_ts": 1773533290018, "data": {"e": "forceOrder", "E": 1773533290018, "o": {"s": "PIXELUSDT", "S": "SELL", "o": "LIMIT", "f": "IOC", "q": "736", "p": "0.0119760", "ap": "0.0121400", "X": "FILLED", "l": "736", "z": "736", "T": 1773533290015}}}
{"local_ts": 1773533290008, "server_ts": 1773533290018, "data": {"e": "forceOrder", "E": 1773533290018, "o": {"s": "PIXELUSDT", "S": "SELL", "o": "LIMIT", "f": "IOC", "q": "736", "p": "0.0119760", "ap": "0.0121400", "X": "FILLED", "l": "736", "z": "736", "T": 1773533290015}}}
{"local_ts": 1773533292514, "server_ts": 1773533292529, "data": {"e": "forceOrder", "E": 1773533292529, "o": {"s": "PIXELUSDT", "S": "SELL", "o": "LIMIT", "f": "IOC", "q": "8845", "p": "0.0119580", "ap": "0.0121246", "X": "FILLED", "l": "5184", "z": "8845", "T": 1773533292527}}}
{"local_ts": 1773533292515, "server_ts": 1773533292529, "data": {"e": "forceOrder", "E": 1773533292529, "o": {"s": "PIXELUSDT", "S": "SELL", "o": "LIMIT", "f": "IOC", "q": "8845", "p": "0.0119580", "ap": "0.0121246", "X": "FILLED", "l": "5184", "z": "8845", "T": 1773533292527}}}
{"local_ts": 1773533296189, "server_ts": 1773533296203, "data": {"e": "forceOrder", "E": 1773533296203, "o": {"s": "BANANAS31USDT", "S": "BUY", "o": "LIMIT", "f": "IOC", "q": "37006", "p": "0.0100880", "ap": "0.0099600", "X": "FILLED", "l": "1948", "z": "37006", "T": 1773533296201}}}
{"local_ts": 1773533296193, "server_ts": 1773533296203, "data": {"e": "forceOrder", "E": 1773533296203, "o": {"s": "BANANAS31USDT", "S": "BUY", "o": "LIMIT", "f": "IOC", "q": "37006", "p": "0.0100880", "ap": "0.0099600", "X": "FILLED", "l": "1948", "z": "37006", "T": 1773533296201}}}
{"local_ts": 1773533297373, "server_ts": 1773533297385, "data": {"e": "forceOrder", "E": 1773533297385, "o": {"s": "BANANAS31USDT", "S": "BUY", "o": "LIMIT", "f": "IOC", "q": "3960", "p": "0.0100940", "ap": "0.0099620", "X": "FILLED", "l": "213", "z": "3960", "T": 1773533297383}}}
{"local_ts": 1773533298534, "server_ts": 1773533298549, "data": {"e": "forceOrder", "E": 1773533298549, "o": {"s": "PIXELUSDT", "S": "SELL", "o": "LIMIT", "f": "IOC", "q": "18790", "p": "0.0119210", "ap": "0.0121010", "X": "FILLED", "l": "1655", "z": "18790", "T": 1773533298547}}}
{"local_ts": 1773533298541, "server_ts": 1773533298549, "data": {"e": "forceOrder", "E": 1773533298549, "o": {"s": "PIXELUSDT", "S": "SELL", "o": "LIMIT", "f": "IOC", "q": "18790", "p": "0.0119210", "ap": "0.0121010", "X": "FILLED", "l": "1655", "z": "18790", "T": 1773533298547}}}
{"local_ts": 1773533313302, "server_ts": 1773533313316, "data": {"e": "forceOrder", "E": 1773533313316, "o": {"s": "YGGUSDT", "S": "SELL", "o": "LIMIT", "f": "IOC", "q": "7054", "p": "0.0415800", "ap": "0.0418980", "X": "FILLED", "l": "1398", "z": "7054", "T": 1773533313314}}}
{"local_ts": 1773533313304, "server_ts": 1773533313316, "data": {"e": "forceOrder", "E": 1773533313316, "o": {"s": "YGGUSDT", "S": "SELL", "o": "LIMIT", "f": "IOC", "q": "7054", "p": "0.0415800", "ap": "0.0418980", "X": "FILLED", "l": "1398", "z": "7054", "T": 1773533313314}}}
{"local_ts": 1773533315132, "server_ts": 1773533315146, "data": {"e": "forceOrder", "E": 1773533315146, "o": {"s": "YGGUSDT", "S": "SELL", "o": "LIMIT", "f": "IOC", "q": "88193", "p": "0.0413200", "ap": "0.0418500", "X": "FILLED", "l": "4171", "z": "88193", "T": 1773533315143}}}
{"local_ts": 1773533315133, "server_ts": 1773533315146, "data": {"e": "forceOrder", "E": 1773533315146, "o": {"s": "YGGUSDT", "S": "SELL", "o": "LIMIT", "f": "IOC", "q": "88193", "p": "0.0413200", "ap": "0.0418500", "X": "FILLED", "l": "4171", "z": "88193", "T": 1773533315143}}}
{"local_ts": 1773533315190, "server_ts": 1773533315204, "data": {"e": "forceOrder", "E": 1773533315204, "o": {"s": "DEEPUSDT", "S": "SELL", "o": "LIMIT", "f": "IOC", "q": "58869", "p": "0.0344200", "ap": "0.0348604", "X": "FILLED", "l": "4288", "z": "58869", "T": 1773533315202}}}
{"local_ts": 1773533315191, "server_ts": 1773533315204, "data": {"e": "forceOrder", "E": 1773533315204, "o": {"s": "AZTECUSDT", "S": "SELL", "o": "LIMIT", "f": "IOC", "q": "1445", "p": "0.0226800", "ap": "0.0230900", "X": "FILLED", "l": "1445", "z": "1445", "T": 1773533315202}}}
{"local_ts": 1773533315194, "server_ts": 1773533315204, "data": {"e": "forceOrder", "E": 1773533315204, "o": {"s": "DEEPUSDT", "S": "SELL", "o": "LIMIT", "f": "IOC", "q": "58869", "p": "0.0344200", "ap": "0.0348604", "X": "FILLED", "l": "4288", "z": "58869", "T": 1773533315202}}}
{"local_ts": 1773533315195, "server_ts": 1773533315204, "data": {"e": "forceOrder", "E": 1773533315204, "o": {"s": "AZTECUSDT", "S": "SELL", "o": "LIMIT", "f": "IOC", "q": "1445", "p": "0.0226800", "ap": "0.0230900", "X": "FILLED", "l": "1445", "z": "1445", "T": 1773533315202}}}
{"local_ts": 1773533316142, "server_ts": 1773533316154, "data": {"e": "forceOrder", "E": 1773533316154, "o": {"s": "APRUSDT", "S": "SELL", "o": "LIMIT", "f": "IOC", "q": "30", "p": "0.1645700", "ap": "0.1667300", "X": "FILLED", "l": "30", "z": "30", "T": 1773533316150}}}
{"local_ts": 1773533316274, "server_ts": 1773533316287, "data": {"e": "forceOrder", "E": 1773533316287, "o": {"s": "LYNUSDT", "S": "SELL", "o": "LIMIT", "f": "IOC", "q": "6464", "p": "0.1411600", "ap": "0.1454635", "X": "FILLED", "l": "2358", "z": "6464", "T": 1773533316285}}}
{"local_ts": 1773533316792, "server_ts": 1773533316805, "data": {"e": "forceOrder", "E": 1773533316805, "o": {"s": "GWEIUSDT", "S": "BUY", "o": "LIMIT", "f": "IOC", "q": "146", "p": "0.0418410", "ap": "0.0412350", "X": "FILLED", "l": "146", "z": "146", "T": 1773533316804}}}
{"local_ts": 1773533316801, "server_ts": 1773533316805, "data": {"e": "forceOrder", "E": 1773533316805, "o": {"s": "GWEIUSDT", "S": "BUY", "o": "LIMIT", "f": "IOC", "q": "146", "p": "0.0418410", "ap": "0.0412350", "X": "FILLED", "l": "146", "z": "146", "T": 1773533316804}}}
{"local_ts": 1773533322499, "server_ts": 1773533322514, "data": {"e": "forceOrder", "E": 1773533322514, "o": {"s": "XPLUSDT", "S": "SELL", "o": "LIMIT", "f": "IOC", "q": "282", "p": "0.1086000", "ap": "0.1095000", "X": "FILLED", "l": "185", "z": "282", "T": 1773533322513}}}
{"local_ts": 1773533322500, "server_ts": 1773533322514, "data": {"e": "forceOrder", "E": 1773533322514, "o": {"s": "XPLUSDT", "S": "SELL", "o": "LIMIT", "f": "IOC", "q": "282", "p": "0.1086000", "ap": "0.1095000", "X": "FILLED", "l": "185", "z": "282", "T": 1773533322513}}}
