{"local_ts": 1773446402545, "server_ts": 1773446402833, "data": {"e": "forceOrder", "E": 1773446402833, "o": {"s": "LYNUSDT", "S": "BUY", "o": "LIMIT", "f": "IOC", "q": "689", "p": "0.2032700", "ap": "0.1924387", "X": "FILLED", "l": "347", "z": "689", "T": 1773446402829}}}
{"local_ts": 1773446402545, "server_ts": 1773446402833, "data": {"e": "forceOrder", "E": 1773446402833, "o": {"s": "TURBOUSDT", "S": "BUY", "o": "LIMIT", "f": "IOC", "q": "24", "p": "0.0011517", "ap": "0.0011410", "X": "FILLED", "l": "24", "z": "24", "T": 1773446402829}}}
{"local_ts": 1773446403756, "server_ts": 1773446404031, "data": {"e": "forceOrder", "E": 1773446404031, "o": {"s": "LYNUSDT", "S": "BUY", "o": "LIMIT", "f": "IOC", "q": "8329", "p": "0.2025400", "ap": "0.1917092", "X": "FILLED", "l": "104", "z": "8329", "T": 1773446404027}}}
{"local_ts": 1773446406313, "server_ts": 1773446406600, "data": {"e": "forceOrder", "E": 1773446406600, "o": {"s": "CYBERUSDT", "S": "BUY", "o": "LIMIT", "f": "IOC", "q": "100.0", "p": "0.577100", "ap": "0.567000", "X": "FILLED", "l": "100.0", "z": "100.0", "T": 1773446406598}}}
{"local_ts": 1773446408020, "server_ts": 1773446408309, "data": {"e": "forceOrder", "E": 1773446408309, "o": {"s": "CYBERUSDT", "S": "BUY", "o": "LIMIT", "f": "IOC", "q": "11.3", "p": "0.582200", "ap": "0.571300", "X": "FILLED", "l": "11.3", "z": "11.3", "T": 1773446408306}}}
{"local_ts": 1773446408187, "server_ts": 1773446408473, "data": {"e": "forceOrder", "E": 1773446408473, "o": {"s": "NAORISUSDT", "S": "SELL", "o": "LIMIT", "f": "IOC", "q": "623", "p": "0.0612200", "ap": "0.0624900", "X": "FILLED", "l": "623", "z": "623", "T": 1773446408471}}}
{"local_ts": 1773446409344, "server_ts": 1773446409633, "data": {"e": "forceOrder", "E": 1773446409633, "o": {"s": "KITEUSDT", "S": "SELL", "o": "LIMIT", "f": "IOC", "q": "4010", "p": "0.2176600", "ap": "0.2228119", "X": "FILLED", "l": "1080", "z": "4010", "T": 1773446409631}}}
{"local_ts": 1773446409495, "server_ts": 1773446409784, "data": {"e": "forceOrder", "E": 1773446409784, "o": {"s": "TRUMPUSDT", "S": "SELL", "o": "LIMIT", "f": "IOC", "q": "38.11", "p": "3.804000", "ap": "3.843000", "X": "FILLED", "l": "38.11", "z": "38.11", "T": 1773446409781}}}
{"local_ts": 1773446411875, "server_ts": 1773446412164, "data": {"e": "forceOrder", "E": 1773446412164, "o": {"s": "CYBERUSDT", "S": "BUY", "o": "LIMIT", "f": "IOC", "q": "33.5", "p": "0.588600", "ap": "0.587821", "X": "FILLED", "l": "7.3", "z": "33.5", "T": 1773446412161}}}
{"local_ts": 1773446412427, "server_ts": 1773446412716, "data": {"e": "forceOrder", "E": 1773446412716, "o": {"s": "RIVERUSDT", "S": "BUY", "o": "LIMIT", "f": "IOC", "q": "4.2", "p": "20.447000", "ap": "20.187000", "X": "FILLED", "l": "2.8", "z": "4.2", "T": 1773446412714}}}
{"local_ts": 1773446413890, "server_ts": 1773446414176, "data": {"e": "forceOrder", "E": 1773446414176, "o": {"s": "CYBERUSDT", "S": "BUY", "o": "LIMIT", "f": "IOC", "q": "299.6", "p": "0.598900", "ap": "0.597238", "X": "FILLED", "l": "116.3", "z": "299.6", "T": 1773446414173}}}
{"local_ts": 1773446415154, "server_ts": 1773446415442, "data": {"e": "forceOrder", "E": 1773446415442, "o": {"s": "CYBERUSDT", "S": "BUY", "o": "LIMIT", "f": "IOC", "q": "11.0", "p": "0.600300", "ap": "0.598500", "X": "FILLED", "l": "3.9", "z": "11.0", "T": 1773446415440}}}
{"local_ts": 1773446416168, "server_ts": 1773446416456, "data": {"e": "forceOrder", "E": 1773446416456, "o": {"s": "CYBERUSDT", "S": "BUY", "o": "LIMIT", "f": "IOC", "q": "741.7", "p": "0.604500", "ap": "0.596346", "X": "FILLED", "l": "148.1", "z": "741.7", "T": 1773446416454}}}
{"local_ts": 1773446418492, "server_ts": 1773446418781, "data": {"e": "forceOrder", "E": 1773446418781, "o": {"s": "LYNUSDT", "S": "SELL", "o": "LIMIT", "f": "IOC", "q": "927", "p": "0.1865100", "ap": "0.1908531", "X": "FILLED", "l": "391", "z": "927", "T": 1773446418778}}}
{"local_ts": 1773446418493, "server_ts": 1773446418781, "data": {"e": "forceOrder", "E": 1773446418781, "o": {"s": "BTCUSDC", "S": "SELL", "o": "LIMIT", "f": "IOC", "q": "0.030", "p": "70584.4", "ap": "70859.0", "X": "FILLED", "l": "0.030", "z": "0.030", "T": 1773446418778}}}
{"local_ts": 1773446427095, "server_ts": 1773446427379, "data": {"e": "forceOrder", "E": 1773446427379, "o": {"s": "CYBERUSDT", "S": "BUY", "o": "LIMIT", "f": "IOC", "q": "2399.3", "p": "0.587800", "ap": "0.587800", "X": "FILLED", "l": "2399.3", "z": "2399.3", "T": 1773446427376}}}
{"local_ts": 1773446427108, "server_ts": 1773446427396, "data": {"e": "forceOrder", "E": 1773446427396, "o": {"s": "TURBOUSDT", "S": "BUY", "o": "LIMIT", "f": "IOC", "q": "935780", "p": "0.0011562", "ap": "0.0011456", "X": "FILLED", "l": "309633", "z": "935780", "T": 1773446427393}}}
{"local_ts": 1773446431009, "server_ts": 1773446431297, "data": {"e": "forceOrder", "E": 1773446431297, "o": {"s": "PIXELUSDT", "S": "BUY", "o": "LIMIT", "f": "IOC", "q": "9681", "p": "0.0129970", "ap": "0.0128027", "X": "FILLED", "l": "959", "z": "9681", "T": 1773446431295}}}
{"local_ts": 1773446432369, "server_ts": 1773446432652, "data": {"e": "forceOrder", "E": 1773446432652, "o": {"s": "PIXELUSDT", "S": "BUY", "o": "LIMIT", "f": "IOC", "q": "7366", "p": "0.0130110", "ap": "0.0128280", "X": "FILLED", "l": "1824", "z": "7366", "T": 1773446432650}}}
{"local_ts": 1773446435457, "server_ts": 1773446435746, "data": {"e": "forceOrder", "E": 1773446435746, "o": {"s": "PIXELUSDT", "S": "BUY", "o": "LIMIT", "f": "IOC", "q": "2345", "p": "0.0130290", "ap": "0.0127920", "X": "FILLED", "l": "2345", "z": "2345", "T": 1773446435744}}}
{"local_ts": 1773446436047, "server_ts": 1773446436337, "data": {"e": "forceOrder", "E": 1773446436337, "o": {"s": "KMNOUSDT", "S": "SELL", "o": "LIMIT", "f": "IOC", "q": "13487", "p": "0.0215300", "ap": "0.0218145", "X": "FILLED", "l": "167", "z": "13487", "T": 1773446436334}}}
{"local_ts": 1773446437877, "server_ts": 1773446438166, "data": {"e": "forceOrder", "E": 1773446438166, "o": {"s": "KMNOUSDT", "S": "SELL", "o": "LIMIT", "f": "IOC", "q": "1037", "p": "0.0215000", "ap": "0.0217400", "X": "FILLED", "l": "1037", "z": "1037", "T": 1773446438164}}}
{"local_ts": 1773446441470, "server_ts": 1773446441749, "data": {"e": "forceOrder", "E": 1773446441749, "o": {"s": "NAORISUSDT", "S": "SELL", "o": "LIMIT", "f": "IOC", "q": "709", "p": "0.0611300", "ap": "0.0622551", "X": "FILLED", "l": "93", "z": "709", "T": 1773446441746}}}
{"local_ts": 1773446442222, "server_ts": 1773446442511, "data": {"e": "forceOrder", "E": 1773446442511, "o": {"s": "SIRENUSDT", "S": "BUY", "o": "LIMIT", "f": "IOC", "q": "9", "p": "0.5917300", "ap": "0.5835000", "X": "FILLED", "l": "9", "z": "9", "T": 1773446442509}}}
{"local_ts": 1773446443066, "server_ts": 1773446443355, "data": {"e": "forceOrder", "E": 1773446443355, "o": {"s": "NAORISUSDT", "S": "SELL", "o": "LIMIT", "f": "IOC", "q": "77000", "p": "0.0610100", "ap": "0.0621106", "X": "FILLED", "l": "6527", "z": "77000", "T": 1773446443353}}}
{"local_ts": 1773446445256, "server_ts": 1773446445545, "data": {"e": "forceOrder", "E": 1773446445545, "o": {"s": "STEEMUSDT", "S": "BUY", "o": "LIMIT", "f": "IOC", "q": "5075", "p": "0.061900", "ap": "0.061008", "X": "FILLED", "l": "118", "z": "5075", "T": 1773446445542}}}
{"local_ts": 1773446445325, "server_ts": 1773446445613, "data": {"e": "forceOrder", "E": 1773446445613, "o": {"s": "AIUSDT", "S": "SELL", "o": "LIMIT", "f": "IOC", "q": "130440", "p": "0.022170", "ap": "0.022573", "X": "FILLED", "l": "24873", "z": "130440", "T": 1773446445609}}}
{"local_ts": 1773446448882, "server_ts": 1773446449170, "data": {"e": "forceOrder", "E": 1773446449170, "o": {"s": "TRUMPUSDT", "S": "SELL", "o": "LIMIT", "f": "IOC", "q": "1298.10", "p": "3.794000", "ap": "3.821000", "X": "FILLED", "l": "95.38", "z": "1298.10", "T": 1773446449167}}}
{"local_ts": 1773446449099, "server_ts": 1773446449386, "data": {"e": "forceOrder", "E": 1773446449386, "o": {"s": "AIUSDT", "S": "SELL", "o": "LIMIT", "f": "IOC", "q": "2324", "p": "0.022160", "ap": "0.022580", "X": "FILLED", "l": "975", "z": "2324", "T": 1773446449383}}}
{"local_ts": 1773446449202, "server_ts": 1773446449490, "data": {"e": "forceOrder", "E": 1773446449490, "o": {"s": "LYNUSDT", "S": "SELL", "o": "LIMIT", "f": "IOC", "q": "43", "p": "0.1849100", "ap": "0.1897100", "X": "FILLED", "l": "43", "z": "43", "T": 1773446449486}}}
{"local_ts": 1773446449399, "server_ts": 1773446449687, "data": {"e": "forceOrder", "E": 1773446449687, "o": {"s": "ROBOUSDT", "S": "SELL", "o": "LIMIT", "f": "IOC", "q": "121", "p": "0.0393800", "ap": "0.0399700", "X": "FILLED", "l": "121", "z": "121", "T": 1773446449684}}}
{"local_ts": 1773446449977, "server_ts": 1773446450262, "data": {"e": "forceOrder", "E": 1773446450262, "o": {"s": "TRUMPUSDT", "S": "SELL", "o": "LIMIT", "f": "IOC", "q": "367.39", "p": "3.791000", "ap": "3.830000", "X": "FILLED", "l": "108.98", "z": "367.39", "T": 1773446450260}}}
{"local_ts": 1773446450861, "server_ts": 1773446451149, "data": {"e": "forceOrder", "E": 1773446451149, "o": {"s": "SIRENUSDT", "S": "BUY", "o": "LIMIT", "f": "IOC", "q": "297", "p": "0.5928000", "ap": "0.5842634", "X": "FILLED", "l": "9", "z": "297", "T": 1773446451146}}}
{"local_ts": 1773446452035, "server_ts": 1773446452323, "data": {"e": "forceOrder", "E": 1773446452323, "o": {"s": "KITEUSDT", "S": "SELL", "o": "LIMIT", "f": "IOC", "q": "1000", "p": "0.2174700", "ap": "0.2230389", "X": "FILLED", "l": "65", "z": "1000", "T": 1773446452321}}}
{"local_ts": 1773446452448, "server_ts": 1773446452737, "data": {"e": "forceOrder", "E": 1773446452737, "o": {"s": "STEEMUSDT", "S": "BUY", "o": "LIMIT", "f": "IOC", "q": "118", "p": "0.062590", "ap": "0.060830", "X": "FILLED", "l": "118", "z": "118", "T": 1773446452734}}}
{"local_ts": 1773446454500, "server_ts": 1773446454786, "data": {"e": "forceOrder", "E": 1773446454786, "o": {"s": "STEEMUSDT", "S": "BUY", "o": "LIMIT", "f": "IOC", "q": "369", "p": "0.062620", "ap": "0.060590", "X": "FILLED", "l": "204", "z": "369", "T": 1773446454781}}}
{"local_ts": 1773446454945, "server_ts": 1773446455231, "data": {"e": "forceOrder", "E": 1773446455231, "o": {"s": "SYSUSDT", "S": "SELL", "o": "LIMIT", "f": "IOC", "q": "4122", "p": "0.0115400", "ap": "0.0117600", "X": "FILLED", "l": "4122", "z": "4122", "T": 1773446455229}}}
{"local_ts": 1773446455801, "server_ts": 1773446456091, "data": {"e": "forceOrder", "E": 1773446456091, "o": {"s": "FETUSDT", "S": "SELL", "o": "LIMIT", "f": "IOC", "q": "124", "p": "0.1763000", "ap": "0.1780000", "X": "FILLED", "l": "124", "z": "124", "T": 1773446456089}}}
{"local_ts": 1773446455802, "server_ts": 1773446456091, "data": {"e": "forceOrder", "E": 1773446456091, "o": {"s": "PHAUSDT", "S": "SELL", "o": "LIMIT", "f": "IOC", "q": "654", "p": "0.0343400", "ap": "0.0348500", "X": "FILLED", "l": "654", "z": "654", "T": 1773446456089}}}
{"local_ts": 1773446455802, "server_ts": 1773446456091, "data": {"e": "forceOrder", "E": 1773446456091, "o": {"s": "LYNUSDT", "S": "SELL", "o": "LIMIT", "f": "IOC", "q": "255", "p": "0.1847500", "ap": "0.1903358", "X": "FILLED", "l": "20", "z": "255", "T": 1773446456089}}}
{"local_ts": 1773446455803, "server_ts": 1773446456091, "data": {"e": "forceOrder", "E": 1773446456091, "o": {"s": "TAOUSDT", "S": "SELL", "o": "LIMIT", "f": "IOC", "q": "0.101", "p": "232.88", "ap": "235.08", "X": "FILLED", "l": "0.101", "z": "0.101", "T": 1773446456089}}}
{"local_ts": 1773446455813, "server_ts": 1773446456101, "data": {"e": "forceOrder", "E": 1773446456101, "o": {"s": "BANANAS31USDT", "S": "BUY", "o": "LIMIT", "f": "IOC", "q": "3815", "p": "0.0111910", "ap": "0.0110380", "X": "FILLED", "l": "3815", "z": "3815", "T": 1773446456098}}}
{"local_ts": 1773446457349, "server_ts": 1773446457638, "data": {"e": "forceOrder", "E": 1773446457638, "o": {"s": "LYNUSDT", "S": "SELL", "o": "LIMIT", "f": "IOC", "q": "26", "p": "0.1846400", "ap": "0.1899700", "X": "FILLED", "l": "26", "z": "26", "T": 1773446457634}}}
{"local_ts": 1773446461067, "server_ts": 1773446461356, "data": {"e": "forceOrder", "E": 1773446461356, "o": {"s": "TURBOUSDT", "S": "BUY", "o": "LIMIT", "f": "IOC", "q": "349666", "p": "0.0011593", "ap": "0.0011505", "X": "FILLED", "l": "252485", "z": "349666", "T": 1773446461352}}}
{"local_ts": 1773446461068, "server_ts": 1773446461356, "data": {"e": "forceOrder", "E": 1773446461356, "o": {"s": "LABUSDT", "S": "BUY", "o": "LIMIT", "f": "IOC", "q": "647", "p": "0.1751500", "ap": "0.1719914", "X": "FILLED", "l": "120", "z": "647", "T": 1773446461352}}}
{"local_ts": 1773446461303, "server_ts": 1773446461591, "data": {"e": "forceOrder", "E": 1773446461591, "o": {"s": "LYNUSDT", "S": "SELL", "o": "LIMIT", "f": "IOC", "q": "4248", "p": "0.1840500", "ap": "0.1891386", "X": "FILLED", "l": "288", "z": "4248", "T": 1773446461588}}}
{"local_ts": 1773446462098, "server_ts": 1773446462387, "data": {"e": "forceOrder", "E": 1773446462387, "o": {"s": "PLAYUSDT", "S": "BUY", "o": "LIMIT", "f": "IOC", "q": "6539", "p": "0.0332500", "ap": "0.0328423", "X": "FILLED", "l": "1437", "z": "6539", "T": 1773446462385}}}
{"local_ts": 1773446462245, "server_ts": 1773446462535, "data": {"e": "forceOrder", "E": 1773446462535, "o": {"s": "TURBOUSDT", "S": "BUY", "o": "LIMIT", "f": "IOC", "q": "1735174", "p": "0.0011620", "ap": "0.0011513", "X": "FILLED", "l": "15492", "z": "1735174", "T": 1773446462532}}}
{"local_ts": 1773446462286, "server_ts": 1773446462575, "data": {"e": "forceOrder", "E": 1773446462575, "o": {"s": "SYSUSDT", "S": "SELL", "o": "LIMIT", "f": "IOC", "q": "1441", "p": "0.0115400", "ap": "0.0117600", "X": "FILLED", "l": "1441", "z": "1441", "T": 1773446462574}}}
{"local_ts": 1773446462481, "server_ts": 1773446462771, "data": {"e": "forceOrder", "E": 1773446462771, "o": {"s": "FARTCOINUSDT", "S": "SELL", "o": "LIMIT", "f": "IOC", "q": "1027.8", "p": "0.1566000", "ap": "0.1581000", "X": "FILLED", "l": "993.0", "z": "1027.8", "T": 1773446462759}}}
{"local_ts": 1773446464108, "server_ts": 1773446464396, "data": {"e": "forceOrder", "E": 1773446464396, "o": {"s": "NAORISUSDT", "S": "BUY", "o": "LIMIT", "f": "IOC", "q": "5215", "p": "0.0637300", "ap": "0.0627841", "X": "FILLED", "l": "1910", "z": "5215", "T": 1773446464394}}}
{"local_ts": 1773446468056, "server_ts": 1773446468345, "data": {"e": "forceOrder", "E": 1773446468345, "o": {"s": "BANANAS31USDT", "S": "BUY", "o": "LIMIT", "f": "IOC", "q": "4543", "p": "0.0112190", "ap": "0.0110800", "X": "FILLED", "l": "2149", "z": "4543", "T": 1773446468341}}}
{"local_ts": 1773446469078, "server_ts": 1773446469366, "data": {"e": "forceOrder", "E": 1773446469366, "o": {"s": "BBUSDT", "S": "SELL", "o": "LIMIT", "f": "IOC", "q": "644", "p": "0.0280100", "ap": "0.0284300", "X": "FILLED", "l": "644", "z": "644", "T": 1773446469363}}}
{"local_ts": 1773446469113, "server_ts": 1773446469402, "data": {"e": "forceOrder", "E": 1773446469402, "o": {"s": "ROBOUSDT", "S": "SELL", "o": "LIMIT", "f": "IOC", "q": "14462", "p": "0.0393400", "ap": "0.0399300", "X": "FILLED", "l": "6273", "z": "14462", "T": 1773446469400}}}
{"local_ts": 1773446469351, "server_ts": 1773446469641, "data": {"e": "forceOrder", "E": 1773446469641, "o": {"s": "BANANAS31USDT", "S": "BUY", "o": "LIMIT", "f": "IOC", "q": "18076", "p": "0.0112250", "ap": "0.0110810", "X": "FILLED", "l": "1941", "z": "18076", "T": 1773446469639}}}
{"local_ts": 1773446470450, "server_ts": 1773446470739, "data": {"e": "forceOrder", "E": 1773446470739, "o": {"s": "BANANAS31USDT", "S": "BUY", "o": "LIMIT", "f": "IOC", "q": "13652", "p": "0.0112390", "ap": "0.0110770", "X": "FILLED", "l": "397", "z": "13652", "T": 1773446470737}}}
{"local_ts": 1773446472232, "server_ts": 1773446472521, "data": {"e": "forceOrder", "E": 1773446472521, "o": {"s": "TAOUSDT", "S": "SELL", "o": "LIMIT", "f": "IOC", "q": "0.040", "p": "232.77", "ap": "235.09", "X": "FILLED", "l": "0.040", "z": "0.040", "T": 1773446472519}}}
{"local_ts": 1773446472233, "server_ts": 1773446472521, "data": {"e": "forceOrder", "E": 1773446472521, "o": {"s": "RENDERUSDT", "S": "SELL", "o": "LIMIT", "f": "IOC", "q": "4.0", "p": "1.7690000", "ap": "1.7840000", "X": "FILLED", "l": "0.9", "z": "4.0", "T": 1773446472519}}}
{"local_ts": 1773446475944, "server_ts": 1773446476232, "data": {"e": "forceOrder", "E": 1773446476232, "o": {"s": "LYNUSDT", "S": "BUY", "o": "LIMIT", "f": "IOC", "q": "536", "p": "0.1994600", "ap": "0.1968712", "X": "FILLED", "l": "87", "z": "536", "T": 1773446476230}}}
{"local_ts": 1773446477040, "server_ts": 1773446477328, "data": {"e": "forceOrder", "E": 1773446477328, "o": {"s": "LYNUSDT", "S": "BUY", "o": "LIMIT", "f": "IOC", "q": "262", "p": "0.2021800", "ap": "0.1964558", "X": "FILLED", "l": "55", "z": "262", "T": 1773446477326}}}
{"local_ts": 1773446477072, "server_ts": 1773446477361, "data": {"e": "forceOrder", "E": 1773446477361, "o": {"s": "TAGUSDT", "S": "BUY", "o": "LIMIT", "f": "IOC", "q": "154867", "p": "0.0005805", "ap": "0.0005719", "X": "FILLED", "l": "154867", "z": "154867", "T": 1773446477360}}}
{"local_ts": 1773446478328, "server_ts": 1773446478618, "data": {"e": "forceOrder", "E": 1773446478618, "o": {"s": "BDXNUSDT", "S": "SELL", "o": "LIMIT", "f": "IOC", "q": "6075", "p": "0.0074200", "ap": "0.0081400", "X": "FILLED", "l": "6075", "z": "6075", "T": 1773446478616}}}
{"local_ts": 1773446480042, "server_ts": 1773446480330, "data": {"e": "forceOrder", "E": 1773446480330, "o": {"s": "LYNUSDT", "S": "BUY", "o": "LIMIT", "f": "IOC", "q": "54", "p": "0.2072100", "ap": "0.1968550", "X": "FILLED", "l": "27", "z": "54", "T": 1773446480328}}}
{"local_ts": 1773446482107, "server_ts": 1773446482396, "data": {"e": "forceOrder", "E": 1773446482396, "o": {"s": "CYBERUSDT", "S": "BUY", "o": "LIMIT", "f": "IOC", "q": "510.1", "p": "0.598600", "ap": "0.592455", "X": "FILLED", "l": "97.7", "z": "510.1", "T": 1773446482394}}}
{"local_ts": 1773446484041, "server_ts": 1773446484330, "data": {"e": "forceOrder", "E": 1773446484330, "o": {"s": "TRUMPUSDT", "S": "SELL", "o": "LIMIT", "f": "IOC", "q": "12.24", "p": "3.793000", "ap": "3.819000", "X": "FILLED", "l": "6.93", "z": "12.24", "T": 1773446484327}}}
{"local_ts": 1773446486163, "server_ts": 1773446486451, "data": {"e": "forceOrder", "E": 1773446486451, "o": {"s": "CYBERUSDT", "S": "BUY", "o": "LIMIT", "f": "IOC", "q": "10.1", "p": "0.602100", "ap": "0.590300", "X": "FILLED", "l": "10.1", "z": "10.1", "T": 1773446486450}}}
{"local_ts": 1773446487383, "server_ts": 1773446487671, "data": {"e": "forceOrder", "E": 1773446487671, "o": {"s": "TRUMPUSDT", "S": "SELL", "o": "LIMIT", "f": "IOC", "q": "6.36", "p": "3.779554", "ap": "3.807000", "X": "FILLED", "l": "6.36", "z": "6.36", "T": 1773446487670}}}
{"local_ts": 1773446488416, "server_ts": 1773446488703, "data": {"e": "forceOrder", "E": 1773446488703, "o": {"s": "ENSOUSDT", "S": "SELL", "o": "LIMIT", "f": "IOC", "q": "56.8", "p": "1.330000", "ap": "1.344876", "X": "FILLED", "l": "2.0", "z": "56.8", "T": 1773446488700}}}
{"local_ts": 1773446488664, "server_ts": 1773446488953, "data": {"e": "forceOrder", "E": 1773446488953, "o": {"s": "TRUMPUSDT", "S": "SELL", "o": "LIMIT", "f": "IOC", "q": "59.20", "p": "3.774000", "ap": "3.806000", "X": "FILLED", "l": "59.20", "z": "59.20", "T": 1773446488950}}}
{"local_ts": 1773446490105, "server_ts": 1773446490386, "data": {"e": "forceOrder", "E": 1773446490386, "o": {"s": "ENSOUSDT", "S": "SELL", "o": "LIMIT", "f": "IOC", "q": "296.0", "p": "1.326000", "ap": "1.345900", "X": "FILLED", "l": "83.2", "z": "296.0", "T": 1773446490383}}}
{"local_ts": 1773446493157, "server_ts": 1773446493446, "data": {"e": "forceOrder", "E": 1773446493446, "o": {"s": "TOSHIUSDT", "S": "BUY", "o": "LIMIT", "f": "IOC", "q": "7875461", "p": "0.0002231", "ap": "0.0002212", "X": "FILLED", "l": "4118502", "z": "7875461", "T": 1773446493444}}}
{"local_ts": 1773446494435, "server_ts": 1773446494724, "data": {"e": "forceOrder", "E": 1773446494724, "o": {"s": "DOODUSDT", "S": "BUY", "o": "LIMIT", "f": "IOC", "q": "1834", "p": "0.0033340", "ap": "0.0032990", "X": "FILLED", "l": "1834", "z": "1834", "T": 1773446494723}}}
{"local_ts": 1773446495465, "server_ts": 1773446495752, "data": {"e": "forceOrder", "E": 1773446495752, "o": {"s": "GRASSUSDT", "S": "SELL", "o": "LIMIT", "f": "IOC", "q": "1244.7", "p": "0.3803000", "ap": "0.3836802", "X": "FILLED", "l": "245.9", "z": "1244.7", "T": 1773446495749}}}
{"local_ts": 1773446495524, "server_ts": 1773446495812, "data": {"e": "forceOrder", "E": 1773446495812, "o": {"s": "DOODUSDT", "S": "BUY", "o": "LIMIT", "f": "IOC", "q": "137034", "p": "0.0033420", "ap": "0.0033059", "X": "FILLED", "l": "23520", "z": "137034", "T": 1773446495810}}}
{"local_ts": 1773446495851, "server_ts": 1773446496139, "data": {"e": "forceOrder", "E": 1773446496139, "o": {"s": "ENSOUSDT", "S": "SELL", "o": "LIMIT", "f": "IOC", "q": "817.4", "p": "1.324400", "ap": "1.344291", "X": "FILLED", "l": "2.9", "z": "817.4", "T": 1773446496136}}}
{"local_ts": 1773446496043, "server_ts": 1773446496332, "data": {"e": "forceOrder", "E": 1773446496332, "o": {"s": "TRUMPUSDT", "S": "BUY", "o": "LIMIT", "f": "IOC", "q": "180.85", "p": "3.862000", "ap": "3.819000", "X": "FILLED", "l": "135.53", "z": "180.85", "T": 1773446496330}}}
{"local_ts": 1773446498833, "server_ts": 1773446499121, "data": {"e": "forceOrder", "E": 1773446499121, "o": {"s": "ENSOUSDT", "S": "SELL", "o": "LIMIT", "f": "IOC", "q": "356.4", "p": "1.324100", "ap": "1.344100", "X": "FILLED", "l": "214.0", "z": "356.4", "T": 1773446499119}}}
{"local_ts": 1773446498976, "server_ts": 1773446499266, "data": {"e": "forceOrder", "E": 1773446499266, "o": {"s": "FIOUSDT", "S": "SELL", "o": "LIMIT", "f": "IOC", "q": "145867", "p": "0.0072900", "ap": "0.0075892", "X": "FILLED", "l": "8949", "z": "145867", "T": 1773446499263}}}
{"local_ts": 1773446499085, "server_ts": 1773446499374, "data": {"e": "forceOrder", "E": 1773446499374, "o": {"s": "PHBUSDT", "S": "SELL", "o": "LIMIT", "f": "IOC", "q": "3871", "p": "0.1309000", "ap": "0.1342350", "X": "FILLED", "l": "1414", "z": "3871", "T": 1773446499372}}}
{"local_ts": 1773446500314, "server_ts": 1773446500601, "data": {"e": "forceOrder", "E": 1773446500601, "o": {"s": "MELANIAUSDT", "S": "SELL", "o": "LIMIT", "f": "IOC", "q": "3292.18", "p": "0.120000", "ap": "0.121000", "X": "FILLED", "l": "274.52", "z": "3292.18", "T": 1773446500598}}}
{"local_ts": 1773446509822, "server_ts": 1773446510107, "data": {"e": "forceOrder", "E": 1773446510107, "o": {"s": "PIXELUSDT", "S": "SELL", "o": "LIMIT", "f": "IOC", "q": "10929", "p": "0.0125030", "ap": "0.0126490", "X": "FILLED", "l": "10929", "z": "10929", "T": 1773446510105}}}
{"local_ts": 1773446511842, "server_ts": 1773446512131, "data": {"e": "forceOrder", "E": 1773446512131, "o": {"s": "LYNUSDT", "S": "BUY", "o": "LIMIT", "f": "IOC", "q": "104", "p": "0.2036900", "ap": "0.1979474", "X": "FILLED", "l": "77", "z": "104", "T": 1773446512130}}}
{"local_ts": 1773446515849, "server_ts": 1773446516139, "data": {"e": "forceOrder", "E": 1773446516139, "o": {"s": "LYNUSDT", "S": "BUY", "o": "LIMIT", "f": "IOC", "q": "18906", "p": "0.2040500", "ap": "0.1984933", "X": "FILLED", "l": "15401", "z": "18906", "T": 1773446516137}}}
{"local_ts": 1773446518124, "server_ts": 1773446518413, "data": {"e": "forceOrder", "E": 1773446518413, "o": {"s": "LYNUSDT", "S": "BUY", "o": "LIMIT", "f": "IOC", "q": "508", "p": "0.2047100", "ap": "0.1988630", "X": "FILLED", "l": "156", "z": "508", "T": 1773446518410}}}
{"local_ts": 1773446521839, "server_ts": 1773446522129, "data": {"e": "forceOrder", "E": 1773446522129, "o": {"s": "ATAUSDT", "S": "BUY", "o": "LIMIT", "f": "IOC", "q": "18605", "p": "0.0119", "ap": "0.0117", "X": "FILLED", "l": "18605", "z": "18605", "T": 1773446522127}}}
{"local_ts": 1773446522144, "server_ts": 1773446522432, "data": {"e": "forceOrder", "E": 1773446522432, "o": {"s": "NAORISUSDT", "S": "SELL", "o": "LIMIT", "f": "IOC", "q": "466", "p": "0.0608500", "ap": "0.0621200", "X": "FILLED", "l": "466", "z": "466", "T": 1773446522428}}}
{"local_ts": 1773446522145, "server_ts": 1773446522432, "data": {"e": "forceOrder", "E": 1773446522432, "o": {"s": "PHAUSDT", "S": "SELL", "o": "LIMIT", "f": "IOC", "q": "761", "p": "0.0341400", "ap": "0.0345166", "X": "FILLED", "l": "252", "z": "761", "T": 1773446522428}}}
{"local_ts": 1773446527352, "server_ts": 1773446527634, "data": {"e": "forceOrder", "E": 1773446527634, "o": {"s": "WLFIUSDT", "S": "SELL", "o": "LIMIT", "f": "IOC", "q": "12727", "p": "0.1026000", "ap": "0.1036000", "X": "FILLED", "l": "4609", "z": "12727", "T": 1773446527631}}}
{"local_ts": 1773446529921, "server_ts": 1773446530211, "data": {"e": "forceOrder", "E": 1773446530211, "o": {"s": "PIXELUSDT", "S": "SELL", "o": "LIMIT", "f": "IOC", "q": "42591", "p": "0.0124590", "ap": "0.0126355", "X": "FILLED", "l": "439", "z": "42591", "T": 1773446530207}}}
{"local_ts": 1773446531876, "server_ts": 1773446532165, "data": {"e": "forceOrder", "E": 1773446532165, "o": {"s": "MOODENGUSDT", "S": "SELL", "o": "LIMIT", "f": "IOC", "q": "11164", "p": "0.0526700", "ap": "0.0531710", "X": "FILLED", "l": "1718", "z": "11164", "T": 1773446532161}}}
{"local_ts": 1773446531986, "server_ts": 1773446532268, "data": {"e": "forceOrder", "E": 1773446532268, "o": {"s": "TURBOUSDT", "S": "SELL", "o": "LIMIT", "f": "IOC", "q": "569435", "p": "0.0011315", "ap": "0.0011406", "X": "FILLED", "l": "75923", "z": "569435", "T": 1773446532263}}}
{"local_ts": 1773446536883, "server_ts": 1773446537172, "data": {"e": "forceOrder", "E": 1773446537172, "o": {"s": "ARIAUSDT", "S": "SELL", "o": "LIMIT", "f": "IOC", "q": "2293", "p": "0.1241900", "ap": "0.1260005", "X": "FILLED", "l": "9", "z": "2293", "T": 1773446537168}}}
{"local_ts": 1773446543021, "server_ts": 1773446543309, "data": {"e": "forceOrder", "E": 1773446543309, "o": {"s": "BANANAS31USDT", "S": "BUY", "o": "LIMIT", "f": "IOC", "q": "4553", "p": "0.0112450", "ap": "0.0110880", "X": "FILLED", "l": "4553", "z": "4553", "T": 1773446543307}}}
{"local_ts": 1773446543871, "server_ts": 1773446544160, "data": {"e": "forceOrder", "E": 1773446544160, "o": {"s": "FUSDT", "S": "BUY", "o": "LIMIT", "f": "IOC", "q": "976", "p": "0.0057530", "ap": "0.0056280", "X": "FILLED", "l": "976", "z": "976", "T": 1773446544150}}}
{"local_ts": 1773446547116, "server_ts": 1773446547405, "data": {"e": "forceOrder", "E": 1773446547405, "o": {"s": "PIXELUSDT", "S": "SELL", "o": "LIMIT", "f": "IOC", "q": "16122", "p": "0.0124308", "ap": "0.0125960", "X": "FILLED", "l": "16122", "z": "16122", "T": 1773446547403}}}
{"local_ts": 1773446549013, "server_ts": 1773446549303, "data": {"e": "forceOrder", "E": 1773446549303, "o": {"s": "PIXELUSDT", "S": "SELL", "o": "LIMIT", "f": "IOC", "q": "7590", "p": "0.0124240", "ap": "0.0125974", "X": "FILLED", "l": "4566", "z": "7590", "T": 1773446549301}}}
{"local_ts": 1773446551172, "server_ts": 1773446551461, "data": {"e": "forceOrder", "E": 1773446551461, "o": {"s": "ALICEUSDT", "S": "BUY", "o": "LIMIT", "f": "IOC", "q": "5280.2", "p": "0.124", "ap": "0.123", "X": "FILLED", "l": "5280.2", "z": "5280.2", "T": 1773446551459}}}
{"local_ts": 1773446553488, "server_ts": 1773446553777, "data": {"e": "forceOrder", "E": 1773446553777, "o": {"s": "PIXELUSDT", "S": "SELL", "o": "LIMIT", "f": "IOC", "q": "11090", "p": "0.0124140", "ap": "0.0125636", "X": "FILLED", "l": "4256", "z": "11090", "T": 1773446553776}}}
{"local_ts": 1773446556948, "server_ts": 1773446557227, "data": {"e": "forceOrder", "E": 1773446557227, "o": {"s": "PIXELUSDT", "S": "SELL", "o": "LIMIT", "f": "IOC", "q": "23394", "p": "0.0123770", "ap": "0.0125560", "X": "FILLED", "l": "2118", "z": "23394", "T": 1773446557225}}}
{"local_ts": 1773446557113, "server_ts": 1773446557402, "data": {"e": "forceOrder", "E": 1773446557402, "o": {"s": "BANANAS31USDT", "S": "BUY", "o": "LIMIT", "f": "IOC", "q": "97945", "p": "0.0112502", "ap": "0.0110786", "X": "FILLED", "l": "16073", "z": "97945", "T": 1773446557399}}}
{"local_ts": 1773446557724, "server_ts": 1773446558013, "data": {"e": "forceOrder", "E": 1773446558013, "o": {"s": "METUSDT", "S": "SELL", "o": "LIMIT", "f": "IOC", "q": "50000", "p": "0.1676000", "ap": "0.1689115", "X": "FILLED", "l": "4674", "z": "50000", "T": 1773446558010}}}
{"local_ts": 1773446557812, "server_ts": 1773446558098, "data": {"e": "forceOrder", "E": 1773446558098, "o": {"s": "BTCUSDT", "S": "SELL", "o": "LIMIT", "f": "IOC", "q": "0.002", "p": "70465.30", "ap": "70746.60", "X": "FILLED", "l": "0.002", "z": "0.002", "T": 1773446558095}}}
{"local_ts": 1773446563794, "server_ts": 1773446564084, "data": {"e": "forceOrder", "E": 1773446564084, "o": {"s": "OXTUSDT", "S": "SELL", "o": "LIMIT", "f": "IOC", "q": "2695", "p": "0.0170800", "ap": "0.0173300", "X": "FILLED", "l": "2118", "z": "2695", "T": 1773446564082}}}
{"local_ts": 1773446564630, "server_ts": 1773446564920, "data": {"e": "forceOrder", "E": 1773446564920, "o": {"s": "BSVUSDT", "S": "SELL", "o": "LIMIT", "f": "IOC", "q": "2.3", "p": "14.67000", "ap": "14.79000", "X": "FILLED", "l": "2.3", "z": "2.3", "T": 1773446564917}}}
{"local_ts": 1773446564956, "server_ts": 1773446565246, "data": {"e": "forceOrder", "E": 1773446565246, "o": {"s": "FIOUSDT", "S": "SELL", "o": "LIMIT", "f": "IOC", "q": "707", "p": "0.0072200", "ap": "0.0075900", "X": "FILLED", "l": "707", "z": "707", "T": 1773446565244}}}
{"local_ts": 1773446565063, "server_ts": 1773446565352, "data": {"e": "forceOrder", "E": 1773446565352, "o": {"s": "TUTUSDT", "S": "SELL", "o": "LIMIT", "f": "IOC", "q": "7177", "p": "0.0103000", "ap": "0.0105500", "X": "FILLED", "l": "7177", "z": "7177", "T": 1773446565349}}}
{"local_ts": 1773446567096, "server_ts": 1773446567387, "data": {"e": "forceOrder", "E": 1773446567387, "o": {"s": "NAORISUSDT", "S": "SELL", "o": "LIMIT", "f": "IOC", "q": "10000", "p": "0.0605900", "ap": "0.0617029", "X": "FILLED", "l": "1383", "z": "10000", "T": 1773446567384}}}
{"local_ts": 1773446567249, "server_ts": 1773446567539, "data": {"e": "forceOrder", "E": 1773446567539, "o": {"s": "TRUMPUSDT", "S": "BUY", "o": "LIMIT", "f": "IOC", "q": "34.45", "p": "3.854000", "ap": "3.818000", "X": "FILLED", "l": "34.45", "z": "34.45", "T": 1773446567536}}}
{"local_ts": 1773446567249, "server_ts": 1773446567539, "data": {"e": "forceOrder", "E": 1773446567539, "o": {"s": "OXTUSDT", "S": "SELL", "o": "LIMIT", "f": "IOC", "q": "101136", "p": "0.0170700", "ap": "0.0173220", "X": "FILLED", "l": "6744", "z": "101136", "T": 1773446567536}}}
{"local_ts": 1773446567524, "server_ts": 1773446567803, "data": {"e": "forceOrder", "E": 1773446567803, "o": {"s": "AIUSDT", "S": "SELL", "o": "LIMIT", "f": "IOC", "q": "2140", "p": "0.022080", "ap": "0.022550", "X": "FILLED", "l": "2140", "z": "2140", "T": 1773446567801}}}
{"local_ts": 1773446567581, "server_ts": 1773446567871, "data": {"e": "forceOrder", "E": 1773446567871, "o": {"s": "PIXELUSDT", "S": "SELL", "o": "LIMIT", "f": "IOC", "q": "57118", "p": "0.0123840", "ap": "0.0125688", "X": "FILLED", "l": "3938", "z": "57118", "T": 1773446567868}}}
{"local_ts": 1773446567582, "server_ts": 1773446567871, "data": {"e": "forceOrder", "E": 1773446567871, "o": {"s": "VVVUSDT", "S": "SELL", "o": "LIMIT", "f": "IOC", "q": "109.61", "p": "6.289000", "ap": "6.378235", "X": "FILLED", "l": "19.17", "z": "109.61", "T": 1773446567868}}}
{"local_ts": 1773446570004, "server_ts": 1773446570293, "data": {"e": "forceOrder", "E": 1773446570293, "o": {"s": "LYNUSDT", "S": "SELL", "o": "LIMIT", "f": "IOC", "q": "505", "p": "0.1879400", "ap": "0.1927307", "X": "FILLED", "l": "259", "z": "505", "T": 1773446570291}}}
{"local_ts": 1773446570117, "server_ts": 1773446570408, "data": {"e": "forceOrder", "E": 1773446570408, "o": {"s": "ETHUSDT", "S": "SELL", "o": "LIMIT", "f": "IOC", "q": "0.010", "p": "2079.45", "ap": "2087.75", "X": "FILLED", "l": "0.010", "z": "0.010", "T": 1773446570404}}}
{"local_ts": 1773446570118, "server_ts": 1773446570408, "data": {"e": "forceOrder", "E": 1773446570408, "o": {"s": "PIXELUSDT", "S": "SELL", "o": "LIMIT", "f": "IOC", "q": "493", "p": "0.0123690", "ap": "0.0125480", "X": "FILLED", "l": "172", "z": "493", "T": 1773446570404}}}
{"local_ts": 1773446573264, "server_ts": 1773446573554, "data": {"e": "forceOrder", "E": 1773446573554, "o": {"s": "RAVEUSDT", "S": "SELL", "o": "LIMIT", "f": "IOC", "q": "340", "p": "0.2361100", "ap": "0.2423594", "X": "FILLED", "l": "20", "z": "340", "T": 1773446573552}}}
{"local_ts": 1773446579212, "server_ts": 1773446579499, "data": {"e": "forceOrder", "E": 1773446579499, "o": {"s": "CHZUSDT", "S": "SELL", "o": "LIMIT", "f": "IOC", "q": "9114", "p": "0.03745", "ap": "0.03781", "X": "FILLED", "l": "1732", "z": "9114", "T": 1773446579497}}}
{"local_ts": 1773446579847, "server_ts": 1773446580136, "data": {"e": "forceOrder", "E": 1773446580136, "o": {"s": "MOODENGUSDT", "S": "SELL", "o": "LIMIT", "f": "IOC", "q": "9362", "p": "0.0524100", "ap": "0.0529400", "X": "FILLED", "l": "418", "z": "9362", "T": 1773446580134}}}
{"local_ts": 1773446580354, "server_ts": 1773446580643, "data": {"e": "forceOrder", "E": 1773446580643, "o": {"s": "CFXUSDT", "S": "SELL", "o": "LIMIT", "f": "IOC", "q": "9000", "p": "0.0558300", "ap": "0.0563100", "X": "FILLED", "l": "2167", "z": "9000", "T": 1773446580640}}}
{"local_ts": 1773446582087, "server_ts": 1773446582375, "data": {"e": "forceOrder", "E": 1773446582375, "o": {"s": "MELANIAUSDT", "S": "SELL", "o": "LIMIT", "f": "IOC", "q": "549.88", "p": "0.119500", "ap": "0.120600", "X": "FILLED", "l": "49.85", "z": "549.88", "T": 1773446582372}}}
{"local_ts": 1773446582134, "server_ts": 1773446582421, "data": {"e": "forceOrder", "E": 1773446582421, "o": {"s": "STEEMUSDT", "S": "SELL", "o": "LIMIT", "f": "IOC", "q": "243", "p": "0.058730", "ap": "0.059610", "X": "FILLED", "l": "131", "z": "243", "T": 1773446582418}}}
{"local_ts": 1773446582213, "server_ts": 1773446582504, "data": {"e": "forceOrder", "E": 1773446582504, "o": {"s": "TRUMPUSDT", "S": "BUY", "o": "LIMIT", "f": "IOC", "q": "4.23", "p": "3.861000", "ap": "3.821000", "X": "FILLED", "l": "1.61", "z": "4.23", "T": 1773446582500}}}
{"local_ts": 1773446584242, "server_ts": 1773446584531, "data": {"e": "forceOrder", "E": 1773446584531, "o": {"s": "ROBOUSDT", "S": "SELL", "o": "LIMIT", "f": "IOC", "q": "12468", "p": "0.0393000", "ap": "0.0397089", "X": "FILLED", "l": "505", "z": "12468", "T": 1773446584529}}}
{"local_ts": 1773446584698, "server_ts": 1773446584986, "data": {"e": "forceOrder", "E": 1773446584986, "o": {"s": "MMTUSDT", "S": "SELL", "o": "LIMIT", "f": "IOC", "q": "38610", "p": "0.1222000", "ap": "0.1237605", "X": "FILLED", "l": "3345", "z": "38610", "T": 1773446584982}}}
{"local_ts": 1773446584698, "server_ts": 1773446584986, "data": {"e": "forceOrder", "E": 1773446584986, "o": {"s": "MEMEUSDT", "S": "SELL", "o": "LIMIT", "f": "IOC", "q": "5041169", "p": "0.0005840", "ap": "0.0005888", "X": "FILLED", "l": "231982", "z": "5041169", "T": 1773446584982}}}
{"local_ts": 1773446584699, "server_ts": 1773446584986, "data": {"e": "forceOrder", "E": 1773446584986, "o": {"s": "TAGUSDT", "S": "BUY", "o": "LIMIT", "f": "IOC", "q": "3378102", "p": "0.0005786", "ap": "0.0005708", "X": "FILLED", "l": "112724", "z": "3378102", "T": 1773446584983}}}
{"local_ts": 1773446585347, "server_ts": 1773446585637, "data": {"e": "forceOrder", "E": 1773446585637, "o": {"s": "BTCUSDT", "S": "SELL", "o": "LIMIT", "f": "IOC", "q": "0.070", "p": "70451.80", "ap": "70725.80", "X": "FILLED", "l": "0.070", "z": "0.070", "T": 1773446585635}}}
{"local_ts": 1773446585502, "server_ts": 1773446585791, "data": {"e": "forceOrder", "E": 1773446585791, "o": {"s": "LYNUSDT", "S": "BUY", "o": "LIMIT", "f": "IOC", "q": "517", "p": "0.2034200", "ap": "0.1976719", "X": "FILLED", "l": "8", "z": "517", "T": 1773446585789}}}
{"local_ts": 1773446586888, "server_ts": 1773446587178, "data": {"e": "forceOrder", "E": 1773446587178, "o": {"s": "NAORISUSDT", "S": "BUY", "o": "LIMIT", "f": "IOC", "q": "16873", "p": "0.0635400", "ap": "0.0622862", "X": "FILLED", "l": "182", "z": "16873", "T": 1773446587175}}}
{"local_ts": 1773446588089, "server_ts": 1773446588379, "data": {"e": "forceOrder", "E": 1773446588379, "o": {"s": "TRUMPUSDT", "S": "BUY", "o": "LIMIT", "f": "IOC", "q": "100.00", "p": "3.875000", "ap": "3.841000", "X": "FILLED", "l": "100.00", "z": "100.00", "T": 1773446588372}}}
{"local_ts": 1773446590094, "server_ts": 1773446590383, "data": {"e": "forceOrder", "E": 1773446590383, "o": {"s": "BTCUSDT", "S": "SELL", "o": "LIMIT", "f": "IOC", "q": "0.005", "p": "70444.20", "ap": "70716.60", "X": "FILLED", "l": "0.005", "z": "0.005", "T": 1773446590380}}}
{"local_ts": 1773446590408, "server_ts": 1773446590694, "data": {"e": "forceOrder", "E": 1773446590694, "o": {"s": "LYNUSDT", "S": "BUY", "o": "LIMIT", "f": "IOC", "q": "79", "p": "0.2038000", "ap": "0.1988400", "X": "FILLED", "l": "79", "z": "79", "T": 1773446590692}}}
{"local_ts": 1773446590921, "server_ts": 1773446591210, "data": {"e": "forceOrder", "E": 1773446591210, "o": {"s": "PIXELUSDT", "S": "BUY", "o": "LIMIT", "f": "IOC", "q": "40420", "p": "0.0128230", "ap": "0.0126420", "X": "FILLED", "l": "1670", "z": "40420", "T": 1773446591208}}}
{"local_ts": 1773446594300, "server_ts": 1773446594569, "data": {"e": "forceOrder", "E": 1773446594569, "o": {"s": "LYNUSDT", "S": "BUY", "o": "LIMIT", "f": "IOC", "q": "259", "p": "0.2050300", "ap": "0.1983600", "X": "FILLED", "l": "38", "z": "259", "T": 1773446594564}}}
{"local_ts": 1773446596823, "server_ts": 1773446597112, "data": {"e": "forceOrder", "E": 1773446597112, "o": {"s": "SAHARAUSDT", "S": "SELL", "o": "LIMIT", "f": "IOC", "q": "45941", "p": "0.0215500", "ap": "0.0218700", "X": "FILLED", "l": "17026", "z": "45941", "T": 1773446597109}}}
{"local_ts": 1773446599496, "server_ts": 1773446599785, "data": {"e": "forceOrder", "E": 1773446599785, "o": {"s": "SAHARAUSDT", "S": "SELL", "o": "LIMIT", "f": "IOC", "q": "680", "p": "0.0215500", "ap": "0.0218700", "X": "FILLED", "l": "680", "z": "680", "T": 1773446599783}}}
{"local_ts": 1773446601247, "server_ts": 1773446601536, "data": {"e": "forceOrder", "E": 1773446601536, "o": {"s": "UAIUSDT", "S": "BUY", "o": "LIMIT", "f": "IOC", "q": "715", "p": "0.3626000", "ap": "0.3583000", "X": "FILLED", "l": "217", "z": "715", "T": 1773446601535}}}
{"local_ts": 1773446604904, "server_ts": 1773446605193, "data": {"e": "forceOrder", "E": 1773446605193, "o": {"s": "ESPUSDT", "S": "SELL", "o": "LIMIT", "f": "IOC", "q": "385", "p": "0.0979800", "ap": "0.0995300", "X": "FILLED", "l": "127", "z": "385", "T": 1773446605190}}}
{"local_ts": 1773446606476, "server_ts": 1773446606766, "data": {"e": "forceOrder", "E": 1773446606766, "o": {"s": "C98USDT", "S": "SELL", "o": "LIMIT", "f": "IOC", "q": "1390", "p": "0.0281", "ap": "0.0286", "X": "FILLED", "l": "1390", "z": "1390", "T": 1773446606763}}}
{"local_ts": 1773446613913, "server_ts": 1773446614203, "data": {"e": "forceOrder", "E": 1773446614203, "o": {"s": "NEARUSDT", "S": "SELL", "o": "LIMIT", "f": "IOC", "q": "600", "p": "1.3130", "ap": "1.3260", "X": "FILLED", "l": "538", "z": "600", "T": 1773446614201}}}
{"local_ts": 1773446616927, "server_ts": 1773446617209, "data": {"e": "forceOrder", "E": 1773446617209, "o": {"s": "NAORISUSDT", "S": "SELL", "o": "LIMIT", "f": "IOC", "q": "515", "p": "0.0604700", "ap": "0.0616700", "X": "FILLED", "l": "515", "z": "515", "T": 1773446617207}}}
{"local_ts": 1773446618815, "server_ts": 1773446619100, "data": {"e": "forceOrder", "E": 1773446619100, "o": {"s": "LYNUSDT", "S": "BUY", "o": "LIMIT", "f": "IOC", "q": "67", "p": "0.2057400", "ap": "0.1976800", "X": "FILLED", "l": "67", "z": "67", "T": 1773446619094}}}
{"local_ts": 1773446618998, "server_ts": 1773446619288, "data": {"e": "forceOrder", "E": 1773446619288, "o": {"s": "CYBERUSDT", "S": "BUY", "o": "LIMIT", "f": "IOC", "q": "83.6", "p": "0.609900", "ap": "0.602900", "X": "FILLED", "l": "82.4", "z": "83.6", "T": 1773446619286}}}
{"local_ts": 1773446620115, "server_ts": 1773446620404, "data": {"e": "forceOrder", "E": 1773446620404, "o": {"s": "LYNUSDT", "S": "BUY", "o": "LIMIT", "f": "IOC", "q": "125", "p": "0.2067899", "ap": "0.1983780", "X": "FILLED", "l": "23", "z": "125", "T": 1773446620401}}}
{"local_ts": 1773446620842, "server_ts": 1773446621132, "data": {"e": "forceOrder", "E": 1773446621132, "o": {"s": "TRIAUSDT", "S": "BUY", "o": "LIMIT", "f": "IOC", "q": "241", "p": "0.0283600", "ap": "0.0279600", "X": "FILLED", "l": "241", "z": "241", "T": 1773446621130}}}
{"local_ts": 1773446621814, "server_ts": 1773446622102, "data": {"e": "forceOrder", "E": 1773446622102, "o": {"s": "LYNUSDT", "S": "BUY", "o": "LIMIT", "f": "IOC", "q": "3416", "p": "0.2070800", "ap": "0.1989225", "X": "FILLED", "l": "270", "z": "3416", "T": 1773446622099}}}
{"local_ts": 1773446621824, "server_ts": 1773446622115, "data": {"e": "forceOrder", "E": 1773446622115, "o": {"s": "CYBERUSDT", "S": "BUY", "o": "LIMIT", "f": "IOC", "q": "1254.0", "p": "0.612800", "ap": "0.605332", "X": "FILLED", "l": "81.5", "z": "1254.0", "T": 1773446622113}}}
{"local_ts": 1773446622984, "server_ts": 1773446623274, "data": {"e": "forceOrder", "E": 1773446623274, "o": {"s": "KITEUSDT", "S": "SELL", "o": "LIMIT", "f": "IOC", "q": "394", "p": "0.2153700", "ap": "0.2208123", "X": "FILLED", "l": "324", "z": "394", "T": 1773446623271}}}
{"local_ts": 1773446622985, "server_ts": 1773446623274, "data": {"e": "forceOrder", "E": 1773446623274, "o": {"s": "1000PEPEUSDT", "S": "SELL", "o": "LIMIT", "f": "IOC", "q": "17412", "p": "0.0033431", "ap": "0.0033638", "X": "FILLED", "l": "17412", "z": "17412", "T": 1773446623271}}}
{"local_ts": 1773446625083, "server_ts": 1773446625373, "data": {"e": "forceOrder", "E": 1773446625373, "o": {"s": "KITEUSDT", "S": "SELL", "o": "LIMIT", "f": "IOC", "q": "61", "p": "0.2152200", "ap": "0.2210300", "X": "FILLED", "l": "61", "z": "61", "T": 1773446625370}}}
{"local_ts": 1773446630016, "server_ts": 1773446630307, "data": {"e": "forceOrder", "E": 1773446630307, "o": {"s": "CYBERUSDT", "S": "BUY", "o": "LIMIT", "f": "IOC", "q": "19.6", "p": "0.616500", "ap": "0.607700", "X": "FILLED", "l": "19.6", "z": "19.6", "T": 1773446630304}}}
{"local_ts": 1773446630127, "server_ts": 1773446630418, "data": {"e": "forceOrder", "E": 1773446630418, "o": {"s": "POLUSDT", "S": "SELL", "o": "LIMIT", "f": "IOC", "q": "8237", "p": "0.0941100", "ap": "0.0950353", "X": "FILLED", "l": "746", "z": "8237", "T": 1773446630415}}}
{"local_ts": 1773446645824, "server_ts": 1773446646114, "data": {"e": "forceOrder", "E": 1773446646114, "o": {"s": "LYNUSDT", "S": "BUY", "o": "LIMIT", "f": "IOC", "q": "525", "p": "0.2097900", "ap": "0.1989689", "X": "FILLED", "l": "30", "z": "525", "T": 1773446646110}}}
{"local_ts": 1773446646465, "server_ts": 1773446646756, "data": {"e": "forceOrder", "E": 1773446646756, "o": {"s": "RIVERUSDT", "S": "SELL", "o": "LIMIT", "f": "IOC", "q": "0.6", "p": "19.819000", "ap": "20.056000", "X": "FILLED", "l": "0.6", "z": "0.6", "T": 1773446646753}}}
{"local_ts": 1773446646915, "server_ts": 1773446647205, "data": {"e": "forceOrder", "E": 1773446647205, "o": {"s": "LYNUSDT", "S": "BUY", "o": "LIMIT", "f": "IOC", "q": "374", "p": "0.2116900", "ap": "0.1986454", "X": "FILLED", "l": "259", "z": "374", "T": 1773446647202}}}
{"local_ts": 1773446654185, "server_ts": 1773446654475, "data": {"e": "forceOrder", "E": 1773446654475, "o": {"s": "ROSEUSDT", "S": "SELL", "o": "LIMIT", "f": "IOC", "q": "119945", "p": "0.01234", "ap": "0.01246", "X": "FILLED", "l": "409", "z": "119945", "T": 1773446654473}}}
{"local_ts": 1773446655931, "server_ts": 1773446656218, "data": {"e": "forceOrder", "E": 1773446656218, "o": {"s": "TRUMPUSDT", "S": "SELL", "o": "LIMIT", "f": "IOC", "q": "44.76", "p": "3.770000", "ap": "3.802058", "X": "FILLED", "l": "42.14", "z": "44.76", "T": 1773446656215}}}
{"local_ts": 1773446656064, "server_ts": 1773446656355, "data": {"e": "forceOrder", "E": 1773446656355, "o": {"s": "BANANAS31USDT", "S": "BUY", "o": "LIMIT", "f": "IOC", "q": "1115", "p": "0.0112770", "ap": "0.0111460", "X": "FILLED", "l": "1115", "z": "1115", "T": 1773446656353}}}
{"local_ts": 1773446666998, "server_ts": 1773446667289, "data": {"e": "forceOrder", "E": 1773446667289, "o": {"s": "PIXELUSDT", "S": "BUY", "o": "LIMIT", "f": "IOC", "q": "475", "p": "0.0128760", "ap": "0.0126450", "X": "FILLED", "l": "475", "z": "475", "T": 1773446667286}}}
{"local_ts": 1773446668436, "server_ts": 1773446668727, "data": {"e": "forceOrder", "E": 1773446668727, "o": {"s": "VVVUSDT", "S": "BUY", "o": "LIMIT", "f": "IOC", "q": "153.06", "p": "6.511000", "ap": "6.419206", "X": "FILLED", "l": "28.97", "z": "153.06", "T": 1773446668725}}}
{"local_ts": 1773446676527, "server_ts": 1773446676818, "data": {"e": "forceOrder", "E": 1773446676818, "o": {"s": "RENDERUSDT", "S": "SELL", "o": "LIMIT", "f": "IOC", "q": "28.3", "p": "1.7580000", "ap": "1.7740000", "X": "FILLED", "l": "28.3", "z": "28.3", "T": 1773446676815}}}
{"local_ts": 1773446687263, "server_ts": 1773446687553, "data": {"e": "forceOrder", "E": 1773446687553, "o": {"s": "LYNUSDT", "S": "BUY", "o": "LIMIT", "f": "IOC", "q": "998", "p": "0.2103300", "ap": "0.2040459", "X": "FILLED", "l": "60", "z": "998", "T": 1773446687549}}}
{"local_ts": 1773446687264, "server_ts": 1773446687553, "data": {"e": "forceOrder", "E": 1773446687553, "o": {"s": "TRUMPUSDT", "S": "SELL", "o": "LIMIT", "f": "IOC", "q": "3.88", "p": "3.763000", "ap": "3.796000", "X": "FILLED", "l": "3.88", "z": "3.88", "T": 1773446687550}}}
{"local_ts": 1773446687264, "server_ts": 1773446687553, "data": {"e": "forceOrder", "E": 1773446687553, "o": {"s": "ARBUSDT", "S": "SELL", "o": "LIMIT", "f": "IOC", "q": "286.9", "p": "0.101600", "ap": "0.102100", "X": "FILLED", "l": "286.9", "z": "286.9", "T": 1773446687550}}}
{"local_ts": 1773446687304, "server_ts": 1773446687594, "data": {"e": "forceOrder", "E": 1773446687594, "o": {"s": "BANANAUSDT", "S": "SELL", "o": "LIMIT", "f": "IOC", "q": "1.3", "p": "4.2420000", "ap": "4.3030000", "X": "FILLED", "l": "1.3", "z": "1.3", "T": 1773446687591}}}
{"local_ts": 1773446689044, "server_ts": 1773446689335, "data": {"e": "forceOrder", "E": 1773446689335, "o": {"s": "TRUMPUSDT", "S": "SELL", "o": "LIMIT", "f": "IOC", "q": "1300.03", "p": "3.760000", "ap": "3.797000", "X": "FILLED", "l": "102.26", "z": "1300.03", "T": 1773446689332}}}
{"local_ts": 1773446690893, "server_ts": 1773446691179, "data": {"e": "forceOrder", "E": 1773446691179, "o": {"s": "MANTRAUSDT", "S": "SELL", "o": "LIMIT", "f": "IOC", "q": "14887", "p": "0.0150000", "ap": "0.0151400", "X": "FILLED", "l": "14887", "z": "14887", "T": 1773446691177}}}
{"local_ts": 1773446691924, "server_ts": 1773446692215, "data": {"e": "forceOrder", "E": 1773446692215, "o": {"s": "MANTRAUSDT", "S": "SELL", "o": "LIMIT", "f": "IOC", "q": "66064", "p": "0.0149800", "ap": "0.0151400", "X": "FILLED", "l": "8859", "z": "66064", "T": 1773446692212}}}
{"local_ts": 1773446693342, "server_ts": 1773446693632, "data": {"e": "forceOrder", "E": 1773446693632, "o": {"s": "TRUMPUSDT", "S": "SELL", "o": "LIMIT", "f": "IOC", "q": "2.85", "p": "3.757266", "ap": "3.792000", "X": "FILLED", "l": "1.37", "z": "2.85", "T": 1773446693631}}}
{"local_ts": 1773446693440, "server_ts": 1773446693730, "data": {"e": "forceOrder", "E": 1773446693730, "o": {"s": "MANTRAUSDT", "S": "SELL", "o": "LIMIT", "f": "IOC", "q": "2722", "p": "0.0149200", "ap": "0.0151400", "X": "FILLED", "l": "2722", "z": "2722", "T": 1773446693728}}}
{"local_ts": 1773446696374, "server_ts": 1773446696665, "data": {"e": "forceOrder", "E": 1773446696665, "o": {"s": "LYNUSDT", "S": "BUY", "o": "LIMIT", "f": "IOC", "q": "303", "p": "0.2110900", "ap": "0.2044827", "X": "FILLED", "l": "80", "z": "303", "T": 1773446696662}}}
{"local_ts": 1773446696933, "server_ts": 1773446697223, "data": {"e": "forceOrder", "E": 1773446697223, "o": {"s": "TRUMPUSDT", "S": "SELL", "o": "LIMIT", "f": "IOC", "q": "514.15", "p": "3.754000", "ap": "3.790000", "X": "FILLED", "l": "178.49", "z": "514.15", "T": 1773446697220}}}
{"local_ts": 1773446700262, "server_ts": 1773446700552, "data": {"e": "forceOrder", "E": 1773446700552, "o": {"s": "TRUMPUSDT", "S": "SELL", "o": "LIMIT", "f": "IOC", "q": "391.79", "p": "3.754000", "ap": "3.792000", "X": "FILLED", "l": "188.94", "z": "391.79", "T": 1773446700548}}}
{"local_ts": 1773446701662, "server_ts": 1773446701953, "data": {"e": "forceOrder", "E": 1773446701953, "o": {"s": "AIUSDT", "S": "SELL", "o": "LIMIT", "f": "IOC", "q": "391", "p": "0.022080", "ap": "0.022560", "X": "FILLED", "l": "118", "z": "391", "T": 1773446701951}}}
{"local_ts": 1773446703052, "server_ts": 1773446703342, "data": {"e": "forceOrder", "E": 1773446703342, "o": {"s": "BERAUSDT", "S": "BUY", "o": "LIMIT", "f": "IOC", "q": "95.1", "p": "0.667900", "ap": "0.663600", "X": "FILLED", "l": "79.8", "z": "95.1", "T": 1773446703336}}}
{"local_ts": 1773446703171, "server_ts": 1773446703461, "data": {"e": "forceOrder", "E": 1773446703461, "o": {"s": "TRUMPUSDT", "S": "SELL", "o": "LIMIT", "f": "IOC", "q": "11.56", "p": "3.753000", "ap": "3.787000", "X": "FILLED", "l": "11.56", "z": "11.56", "T": 1773446703459}}}
{"local_ts": 1773446704849, "server_ts": 1773446705141, "data": {"e": "forceOrder", "E": 1773446705141, "o": {"s": "TRUMPUSDT", "S": "SELL", "o": "LIMIT", "f": "IOC", "q": "7.31", "p": "3.752000", "ap": "3.787000", "X": "FILLED", "l": "7.31", "z": "7.31", "T": 1773446705139}}}
{"local_ts": 1773446707136, "server_ts": 1773446707427, "data": {"e": "forceOrder", "E": 1773446707427, "o": {"s": "TRUMPUSDT", "S": "SELL", "o": "LIMIT", "f": "IOC", "q": "71.40", "p": "3.747000", "ap": "3.790000", "X": "FILLED", "l": "71.40", "z": "71.40", "T": 1773446707424}}}
{"local_ts": 1773446707490, "server_ts": 1773446707781, "data": {"e": "forceOrder", "E": 1773446707781, "o": {"s": "ACXUSDT", "S": "BUY", "o": "LIMIT", "f": "IOC", "q": "1377.6", "p": "0.0476400", "ap": "0.0469000", "X": "FILLED", "l": "1377.6", "z": "1377.6", "T": 1773446707779}}}
{"local_ts": 1773446716074, "server_ts": 1773446716364, "data": {"e": "forceOrder", "E": 1773446716364, "o": {"s": "LYNUSDT", "S": "BUY", "o": "LIMIT", "f": "IOC", "q": "6815", "p": "0.2161700", "ap": "0.2042402", "X": "FILLED", "l": "130", "z": "6815", "T": 1773446716361}}}
{"local_ts": 1773446717873, "server_ts": 1773446718160, "data": {"e": "forceOrder", "E": 1773446718160, "o": {"s": "LYNUSDT", "S": "BUY", "o": "LIMIT", "f": "IOC", "q": "563", "p": "0.2131400", "ap": "0.2044680", "X": "FILLED", "l": "22", "z": "563", "T": 1773446718158}}}
{"local_ts": 1773446720437, "server_ts": 1773446720728, "data": {"e": "forceOrder", "E": 1773446720728, "o": {"s": "GWEIUSDT", "S": "BUY", "o": "LIMIT", "f": "IOC", "q": "3182", "p": "0.0493730", "ap": "0.0486766", "X": "FILLED", "l": "396", "z": "3182", "T": 1773446720727}}}
{"local_ts": 1773446722287, "server_ts": 1773446722578, "data": {"e": "forceOrder", "E": 1773446722578, "o": {"s": "MUSDT", "S": "BUY", "o": "LIMIT", "f": "IOC", "q": "10", "p": "1.5465000", "ap": "1.5255000", "X": "FILLED", "l": "10", "z": "10", "T": 1773446722574}}}
{"local_ts": 1773446730158, "server_ts": 1773446730448, "data": {"e": "forceOrder", "E": 1773446730448, "o": {"s": "LYNUSDT", "S": "BUY", "o": "LIMIT", "f": "IOC", "q": "282", "p": "0.2151200", "ap": "0.2106800", "X": "FILLED", "l": "282", "z": "282", "T": 1773446730446}}}
{"local_ts": 1773446731311, "server_ts": 1773446731599, "data": {"e": "forceOrder", "E": 1773446731599, "o": {"s": "PIXELUSDT", "S": "SELL", "o": "LIMIT", "f": "IOC", "q": "35014", "p": "0.0124830", "ap": "0.0126578", "X": "FILLED", "l": "7912", "z": "35014", "T": 1773446731597}}}
{"local_ts": 1773446731312, "server_ts": 1773446731599, "data": {"e": "forceOrder", "E": 1773446731599, "o": {"s": "LYNUSDT", "S": "BUY", "o": "LIMIT", "f": "IOC", "q": "5263", "p": "0.2169000", "ap": "0.2124155", "X": "FILLED", "l": "269", "z": "5263", "T": 1773446731597}}}
{"local_ts": 1773446733330, "server_ts": 1773446733622, "data": {"e": "forceOrder", "E": 1773446733622, "o": {"s": "NAORISUSDT", "S": "BUY", "o": "LIMIT", "f": "IOC", "q": "493", "p": "0.0636400", "ap": "0.0626800", "X": "FILLED", "l": "493", "z": "493", "T": 1773446733619}}}
{"local_ts": 1773446735302, "server_ts": 1773446735594, "data": {"e": "forceOrder", "E": 1773446735594, "o": {"s": "LYNUSDT", "S": "BUY", "o": "LIMIT", "f": "IOC", "q": "187", "p": "0.2174100", "ap": "0.2139372", "X": "FILLED", "l": "161", "z": "187", "T": 1773446735592}}}
{"local_ts": 1773446736310, "server_ts": 1773446736601, "data": {"e": "forceOrder", "E": 1773446736601, "o": {"s": "LYNUSDT", "S": "BUY", "o": "LIMIT", "f": "IOC", "q": "8839", "p": "0.2182100", "ap": "0.2137948", "X": "FILLED", "l": "588", "z": "8839", "T": 1773446736598}}}
{"local_ts": 1773446740491, "server_ts": 1773446740781, "data": {"e": "forceOrder", "E": 1773446740781, "o": {"s": "GTCUSDT", "S": "SELL", "o": "LIMIT", "f": "IOC", "q": "46.3", "p": "0.089", "ap": "0.093", "X": "FILLED", "l": "46.3", "z": "46.3", "T": 1773446740779}}}
{"local_ts": 1773446743294, "server_ts": 1773446743583, "data": {"e": "forceOrder", "E": 1773446743583, "o": {"s": "TRUMPUSDT", "S": "SELL", "o": "LIMIT", "f": "IOC", "q": "57.96", "p": "3.746000", "ap": "3.784000", "X": "FILLED", "l": "57.96", "z": "57.96", "T": 1773446743582}}}
{"local_ts": 1773446743908, "server_ts": 1773446744198, "data": {"e": "forceOrder", "E": 1773446744198, "o": {"s": "BANANAS31USDT", "S": "SELL", "o": "LIMIT", "f": "IOC", "q": "4510", "p": "0.0108680", "ap": "0.0110272", "X": "FILLED", "l": "3507", "z": "4510", "T": 1773446744195}}}
{"local_ts": 1773446745452, "server_ts": 1773446745743, "data": {"e": "forceOrder", "E": 1773446745743, "o": {"s": "TAGUSDT", "S": "BUY", "o": "LIMIT", "f": "IOC", "q": "246675", "p": "0.0005814", "ap": "0.0005735", "X": "FILLED", "l": "117559", "z": "246675", "T": 1773446745740}}}
{"local_ts": 1773446745545, "server_ts": 1773446745835, "data": {"e": "forceOrder", "E": 1773446745835, "o": {"s": "BANANAS31USDT", "S": "SELL", "o": "LIMIT", "f": "IOC", "q": "373406", "p": "0.0108600", "ap": "0.0110424", "X": "FILLED", "l": "13573", "z": "373406", "T": 1773446745833}}}
{"local_ts": 1773446757312, "server_ts": 1773446757602, "data": {"e": "forceOrder", "E": 1773446757602, "o": {"s": "CYBERUSDT", "S": "BUY", "o": "LIMIT", "f": "IOC", "q": "9.8", "p": "0.618100", "ap": "0.606900", "X": "FILLED", "l": "9.8", "z": "9.8", "T": 1773446757600}}}
{"local_ts": 1773446758212, "server_ts": 1773446758489, "data": {"e": "forceOrder", "E": 1773446758489, "o": {"s": "1000000BOBUSDT", "S": "SELL", "o": "LIMIT", "f": "IOC", "q": "1946", "p": "0.0118400", "ap": "0.0124500", "X": "FILLED", "l": "660", "z": "1946", "T": 1773446758487}}}
{"local_ts": 1773446758491, "server_ts": 1773446758781, "data": {"e": "forceOrder", "E": 1773446758781, "o": {"s": "HUMAUSDT", "S": "SELL", "o": "LIMIT", "f": "IOC", "q": "38101", "p": "0.0182820", "ap": "0.0184844", "X": "FILLED", "l": "142", "z": "38101", "T": 1773446758779}}}
{"local_ts": 1773446759524, "server_ts": 1773446759815, "data": {"e": "forceOrder", "E": 1773446759815, "o": {"s": "HUMAUSDT", "S": "SELL", "o": "LIMIT", "f": "IOC", "q": "5398", "p": "0.0182620", "ap": "0.0184857", "X": "FILLED", "l": "2646", "z": "5398", "T": 1773446759813}}}
{"local_ts": 1773446764126, "server_ts": 1773446764416, "data": {"e": "forceOrder", "E": 1773446764416, "o": {"s": "NAORISUSDT", "S": "SELL", "o": "LIMIT", "f": "IOC", "q": "2107", "p": "0.0602900", "ap": "0.0612678", "X": "FILLED", "l": "149", "z": "2107", "T": 1773446764414}}}
{"local_ts": 1773446765548, "server_ts": 1773446765836, "data": {"e": "forceOrder", "E": 1773446765836, "o": {"s": "NAORISUSDT", "S": "SELL", "o": "LIMIT", "f": "IOC", "q": "537", "p": "0.0602200", "ap": "0.0614000", "X": "FILLED", "l": "537", "z": "537", "T": 1773446765834}}}
{"local_ts": 1773446765902, "server_ts": 1773446766193, "data": {"e": "forceOrder", "E": 1773446766193, "o": {"s": "PIXELUSDT", "S": "BUY", "o": "LIMIT", "f": "IOC", "q": "474", "p": "0.0128980", "ap": "0.0127180", "X": "FILLED", "l": "474", "z": "474", "T": 1773446766191}}}
{"local_ts": 1773446767369, "server_ts": 1773446767661, "data": {"e": "forceOrder", "E": 1773446767661, "o": {"s": "TRUMPUSDT", "S": "BUY", "o": "LIMIT", "f": "IOC", "q": "4.63", "p": "3.834000", "ap": "3.798000", "X": "FILLED", "l": "4.63", "z": "4.63", "T": 1773446767658}}}
{"local_ts": 1773446768481, "server_ts": 1773446768771, "data": {"e": "forceOrder", "E": 1773446768771, "o": {"s": "SIRENUSDT", "S": "SELL", "o": "LIMIT", "f": "IOC", "q": "10", "p": "0.5671800", "ap": "0.5756400", "X": "FILLED", "l": "10", "z": "10", "T": 1773446768768}}}
{"local_ts": 1773446770970, "server_ts": 1773446771263, "data": {"e": "forceOrder", "E": 1773446771263, "o": {"s": "GWEIUSDT", "S": "BUY", "o": "LIMIT", "f": "IOC", "q": "78442", "p": "0.0497460", "ap": "0.0490946", "X": "FILLED", "l": "66468", "z": "78442", "T": 1773446771262}}}
{"local_ts": 1773446771165, "server_ts": 1773446771456, "data": {"e": "forceOrder", "E": 1773446771456, "o": {"s": "HUMAUSDT", "S": "SELL", "o": "LIMIT", "f": "IOC", "q": "293", "p": "0.0181940", "ap": "0.0184200", "X": "FILLED", "l": "293", "z": "293", "T": 1773446771452}}}
{"local_ts": 1773446772211, "server_ts": 1773446772503, "data": {"e": "forceOrder", "E": 1773446772503, "o": {"s": "PIXELUSDT", "S": "BUY", "o": "LIMIT", "f": "IOC", "q": "65891", "p": "0.0129280", "ap": "0.0127556", "X": "FILLED", "l": "19309", "z": "65891", "T": 1773446772500}}}
{"local_ts": 1773446773007, "server_ts": 1773446773299, "data": {"e": "forceOrder", "E": 1773446773299, "o": {"s": "NAORISUSDT", "S": "SELL", "o": "LIMIT", "f": "IOC", "q": "33274", "p": "0.0600700", "ap": "0.0611485", "X": "FILLED", "l": "690", "z": "33274", "T": 1773446773298}}}
{"local_ts": 1773446773379, "server_ts": 1773446773671, "data": {"e": "forceOrder", "E": 1773446773671, "o": {"s": "AKTUSDT", "S": "BUY", "o": "LIMIT", "f": "IOC", "q": "48.6", "p": "0.4575000", "ap": "0.4522000", "X": "FILLED", "l": "48.6", "z": "48.6", "T": 1773446773668}}}
{"local_ts": 1773446775036, "server_ts": 1773446775326, "data": {"e": "forceOrder", "E": 1773446775326, "o": {"s": "BARDUSDT", "S": "SELL", "o": "LIMIT", "f": "IOC", "q": "18", "p": "1.0707000", "ap": "1.0924000", "X": "FILLED", "l": "18", "z": "18", "T": 1773446775325}}}
{"local_ts": 1773446776402, "server_ts": 1773446776693, "data": {"e": "forceOrder", "E": 1773446776693, "o": {"s": "CYBERUSDT", "S": "SELL", "o": "LIMIT", "f": "IOC", "q": "125.2", "p": "0.591400", "ap": "0.597600", "X": "FILLED", "l": "93.4", "z": "125.2", "T": 1773446776691}}}
{"local_ts": 1773446776596, "server_ts": 1773446776887, "data": {"e": "forceOrder", "E": 1773446776887, "o": {"s": "PIXELUSDT", "S": "BUY", "o": "LIMIT", "f": "IOC", "q": "79086", "p": "0.0129560", "ap": "0.0127773", "X": "FILLED", "l": "4278", "z": "79086", "T": 1773446776885}}}
{"local_ts": 1773446776984, "server_ts": 1773446777275, "data": {"e": "forceOrder", "E": 1773446777275, "o": {"s": "TRUMPUSDT", "S": "BUY", "o": "LIMIT", "f": "IOC", "q": "4.02", "p": "3.840000", "ap": "3.808000", "X": "FILLED", "l": "4.02", "z": "4.02", "T": 1773446777272}}}
{"local_ts": 1773446779794, "server_ts": 1773446780085, "data": {"e": "forceOrder", "E": 1773446780085, "o": {"s": "PIXELUSDT", "S": "BUY", "o": "LIMIT", "f": "IOC", "q": "117943", "p": "0.0129730", "ap": "0.0127888", "X": "FILLED", "l": "6815", "z": "117943", "T": 1773446780082}}}
{"local_ts": 1773446783757, "server_ts": 1773446784049, "data": {"e": "forceOrder", "E": 1773446784049, "o": {"s": "MEWUSDT", "S": "SELL", "o": "LIMIT", "f": "IOC", "q": "3698", "p": "0.0006310", "ap": "0.0006400", "X": "FILLED", "l": "3698", "z": "3698", "T": 1773446784047}}}
{"local_ts": 1773446785590, "server_ts": 1773446785881, "data": {"e": "forceOrder", "E": 1773446785881, "o": {"s": "PIXELUSDT", "S": "BUY", "o": "LIMIT", "f": "IOC", "q": "789", "p": "0.0129880", "ap": "0.0128120", "X": "FILLED", "l": "789", "z": "789", "T": 1773446785877}}}
{"local_ts": 1773446796806, "server_ts": 1773446797098, "data": {"e": "forceOrder", "E": 1773446797098, "o": {"s": "ENSOUSDT", "S": "BUY", "o": "LIMIT", "f": "IOC", "q": "6.3", "p": "1.388900", "ap": "1.369800", "X": "FILLED", "l": "2.6", "z": "6.3", "T": 1773446797096}}}
{"local_ts": 1773446807282, "server_ts": 1773446807573, "data": {"e": "forceOrder", "E": 1773446807573, "o": {"s": "FIOUSDT", "S": "SELL", "o": "LIMIT", "f": "IOC", "q": "27248", "p": "0.0072100", "ap": "0.0075800", "X": "FILLED", "l": "22385", "z": "27248", "T": 1773446807572}}}
{"local_ts": 1773446816039, "server_ts": 1773446816325, "data": {"e": "forceOrder", "E": 1773446816325, "o": {"s": "FIOUSDT", "S": "SELL", "o": "LIMIT", "f": "IOC", "q": "3684", "p": "0.0072100", "ap": "0.0075700", "X": "FILLED", "l": "3684", "z": "3684", "T": 1773446816319}}}
{"local_ts": 1773446821847, "server_ts": 1773446822138, "data": {"e": "forceOrder", "E": 1773446822138, "o": {"s": "LYNUSDT", "S": "SELL", "o": "LIMIT", "f": "IOC", "q": "65", "p": "0.2009800", "ap": "0.2026516", "X": "FILLED", "l": "27", "z": "65", "T": 1773446822136}}}
{"local_ts": 1773446825027, "server_ts": 1773446825319, "data": {"e": "forceOrder", "E": 1773446825319, "o": {"s": "BANANAS31USDT", "S": "BUY", "o": "LIMIT", "f": "IOC", "q": "4520", "p": "0.0112640", "ap": "0.0111110", "X": "FILLED", "l": "2682", "z": "4520", "T": 1773446825317}}}
{"local_ts": 1773446828240, "server_ts": 1773446828531, "data": {"e": "forceOrder", "E": 1773446828531, "o": {"s": "LYNUSDT", "S": "SELL", "o": "LIMIT", "f": "IOC", "q": "72", "p": "0.1990600", "ap": "0.1999700", "X": "FILLED", "l": "72", "z": "72", "T": 1773446828528}}}
{"local_ts": 1773446834831, "server_ts": 1773446835121, "data": {"e": "forceOrder", "E": 1773446835121, "o": {"s": "PUFFERUSDT", "S": "SELL", "o": "LIMIT", "f": "IOC", "q": "2254", "p": "0.0312500", "ap": "0.0318138", "X": "FILLED", "l": "693", "z": "2254", "T": 1773446835109}}}
{"local_ts": 1773446835376, "server_ts": 1773446835661, "data": {"e": "forceOrder", "E": 1773446835661, "o": {"s": "LYNUSDT", "S": "SELL", "o": "LIMIT", "f": "IOC", "q": "95", "p": "0.1975300", "ap": "0.2011100", "X": "FILLED", "l": "5", "z": "95", "T": 1773446835658}}}
{"local_ts": 1773446837097, "server_ts": 1773446837386, "data": {"e": "forceOrder", "E": 1773446837386, "o": {"s": "ENSOUSDT", "S": "BUY", "o": "LIMIT", "f": "IOC", "q": "75.6", "p": "1.400700", "ap": "1.381162", "X": "FILLED", "l": "36.6", "z": "75.6", "T": 1773446837383}}}
{"local_ts": 1773446837898, "server_ts": 1773446838190, "data": {"e": "forceOrder", "E": 1773446838190, "o": {"s": "LYNUSDT", "S": "SELL", "o": "LIMIT", "f": "IOC", "q": "2338", "p": "0.1966900", "ap": "0.2009196", "X": "FILLED", "l": "24", "z": "2338", "T": 1773446838188}}}
{"local_ts": 1773446838965, "server_ts": 1773446839257, "data": {"e": "forceOrder", "E": 1773446839257, "o": {"s": "ENSOUSDT", "S": "BUY", "o": "LIMIT", "f": "IOC", "q": "951.9", "p": "1.403800", "ap": "1.382826", "X": "FILLED", "l": "21.4", "z": "951.9", "T": 1773446839254}}}
{"local_ts": 1773446839395, "server_ts": 1773446839688, "data": {"e": "forceOrder", "E": 1773446839688, "o": {"s": "PIXELUSDT", "S": "SELL", "o": "LIMIT", "f": "IOC", "q": "1193", "p": "0.0125670", "ap": "0.0127630", "X": "FILLED", "l": "1193", "z": "1193", "T": 1773446839686}}}
{"local_ts": 1773446842066, "server_ts": 1773446842358, "data": {"e": "forceOrder", "E": 1773446842358, "o": {"s": "TRUSTUSDT", "S": "SELL", "o": "LIMIT", "f": "IOC", "q": "1551", "p": "0.0674000", "ap": "0.0681800", "X": "FILLED", "l": "231", "z": "1551", "T": 1773446842355}}}
{"local_ts": 1773446848071, "server_ts": 1773446848361, "data": {"e": "forceOrder", "E": 1773446848361, "o": {"s": "LYNUSDT", "S": "SELL", "o": "LIMIT", "f": "IOC", "q": "195", "p": "0.1945800", "ap": "0.1999063", "X": "FILLED", "l": "22", "z": "195", "T": 1773446848360}}}
{"local_ts": 1773446849370, "server_ts": 1773446849661, "data": {"e": "forceOrder", "E": 1773446849661, "o": {"s": "LYNUSDT", "S": "SELL", "o": "LIMIT", "f": "IOC", "q": "119", "p": "0.1944600", "ap": "0.1992600", "X": "FILLED", "l": "119", "z": "119", "T": 1773446849659}}}
{"local_ts": 1773446853905, "server_ts": 1773446854189, "data": {"e": "forceOrder", "E": 1773446854189, "o": {"s": "TRUSTUSDT", "S": "SELL", "o": "LIMIT", "f": "IOC", "q": "359", "p": "0.0673000", "ap": "0.0681493", "X": "FILLED", "l": "25", "z": "359", "T": 1773446854186}}}
{"local_ts": 1773446853935, "server_ts": 1773446854226, "data": {"e": "forceOrder", "E": 1773446854226, "o": {"s": "TRUMPUSDT", "S": "SELL", "o": "LIMIT", "f": "IOC", "q": "15.29", "p": "3.757000", "ap": "3.790000", "X": "FILLED", "l": "13.83", "z": "15.29", "T": 1773446854224}}}
{"local_ts": 1773446856122, "server_ts": 1773446856404, "data": {"e": "forceOrder", "E": 1773446856404, "o": {"s": "TRUMPUSDT", "S": "SELL", "o": "LIMIT", "f": "IOC", "q": "14.99", "p": "3.751000", "ap": "3.786000", "X": "FILLED", "l": "1.60", "z": "14.99", "T": 1773446856396}}}
{"local_ts": 1773446857498, "server_ts": 1773446857790, "data": {"e": "forceOrder", "E": 1773446857790, "o": {"s": "ALCHUSDT", "S": "SELL", "o": "LIMIT", "f": "IOC", "q": "5", "p": "0.0709100", "ap": "0.0723500", "X": "FILLED", "l": "5", "z": "5", "T": 1773446857788}}}
{"local_ts": 1773446859893, "server_ts": 1773446860187, "data": {"e": "forceOrder", "E": 1773446860187, "o": {"s": "BARDUSDT", "S": "SELL", "o": "LIMIT", "f": "IOC", "q": "12", "p": "1.0703000", "ap": "1.0906000", "X": "FILLED", "l": "12", "z": "12", "T": 1773446860184}}}
{"local_ts": 1773446861150, "server_ts": 1773446861443, "data": {"e": "forceOrder", "E": 1773446861443, "o": {"s": "TRUSTUSDT", "S": "SELL", "o": "LIMIT", "f": "IOC", "q": "171", "p": "0.0672000", "ap": "0.0681600", "X": "FILLED", "l": "171", "z": "171", "T": 1773446861441}}}
{"local_ts": 1773446865062, "server_ts": 1773446865353, "data": {"e": "forceOrder", "E": 1773446865353, "o": {"s": "LYNUSDT", "S": "BUY", "o": "LIMIT", "f": "IOC", "q": "100", "p": "0.2097800", "ap": "0.2038520", "X": "FILLED", "l": "10", "z": "100", "T": 1773446865351}}}
{"local_ts": 1773446865816, "server_ts": 1773446866109, "data": {"e": "forceOrder", "E": 1773446866109, "o": {"s": "BANANAS31USDT", "S": "BUY", "o": "LIMIT", "f": "IOC", "q": "45031", "p": "0.0113010", "ap": "0.0111371", "X": "FILLED", "l": "6011", "z": "45031", "T": 1773446866106}}}
{"local_ts": 1773446869065, "server_ts": 1773446869357, "data": {"e": "forceOrder", "E": 1773446869357, "o": {"s": "NIGHTUSDT", "S": "BUY", "o": "LIMIT", "f": "IOC", "q": "17922", "p": "0.0499500", "ap": "0.0492375", "X": "FILLED", "l": "828", "z": "17922", "T": 1773446869354}}}
{"local_ts": 1773446874395, "server_ts": 1773446874678, "data": {"e": "forceOrder", "E": 1773446874678, "o": {"s": "MUSDT", "S": "BUY", "o": "LIMIT", "f": "IOC", "q": "3", "p": "1.5484000", "ap": "1.5289000", "X": "FILLED", "l": "3", "z": "3", "T": 1773446874676}}}
{"local_ts": 1773446876362, "server_ts": 1773446876654, "data": {"e": "forceOrder", "E": 1773446876654, "o": {"s": "BANANAS31USDT", "S": "BUY", "o": "LIMIT", "f": "IOC", "q": "1074", "p": "0.0113140", "ap": "0.0111560", "X": "FILLED", "l": "1074", "z": "1074", "T": 1773446876652}}}
{"local_ts": 1773446877502, "server_ts": 1773446877795, "data": {"e": "forceOrder", "E": 1773446877795, "o": {"s": "BANANAS31USDT", "S": "BUY", "o": "LIMIT", "f": "IOC", "q": "6594", "p": "0.0113180", "ap": "0.0111540", "X": "FILLED", "l": "6594", "z": "6594", "T": 1773446877793}}}
{"local_ts": 1773446883094, "server_ts": 1773446883387, "data": {"e": "forceOrder", "E": 1773446883387, "o": {"s": "TRUMPUSDT", "S": "SELL", "o": "LIMIT", "f": "IOC", "q": "6.07", "p": "3.748000", "ap": "3.781000", "X": "FILLED", "l": "0.34", "z": "6.07", "T": 1773446883384}}}
{"local_ts": 1773446883336, "server_ts": 1773446883627, "data": {"e": "forceOrder", "E": 1773446883627, "o": {"s": "BARDUSDT", "S": "SELL", "o": "LIMIT", "f": "IOC", "q": "18", "p": "1.0688000", "ap": "1.0890555", "X": "FILLED", "l": "8", "z": "18", "T": 1773446883624}}}
{"local_ts": 1773446884270, "server_ts": 1773446884562, "data": {"e": "forceOrder", "E": 1773446884562, "o": {"s": "NAORISUSDT", "S": "SELL", "o": "LIMIT", "f": "IOC", "q": "7521", "p": "0.0599300", "ap": "0.0610227", "X": "FILLED", "l": "721", "z": "7521", "T": 1773446884559}}}
{"local_ts": 1773446884876, "server_ts": 1773446885167, "data": {"e": "forceOrder", "E": 1773446885167, "o": {"s": "DOODUSDT", "S": "SELL", "o": "LIMIT", "f": "IOC", "q": "181932", "p": "0.0031910", "ap": "0.0032299", "X": "FILLED", "l": "28362", "z": "181932", "T": 1773446885165}}}
{"local_ts": 1773446885317, "server_ts": 1773446885604, "data": {"e": "forceOrder", "E": 1773446885604, "o": {"s": "NAORISUSDT", "S": "SELL", "o": "LIMIT", "f": "IOC", "q": "3583", "p": "0.0598500", "ap": "0.0610253", "X": "FILLED", "l": "1026", "z": "3583", "T": 1773446885602}}}
{"local_ts": 1773446885485, "server_ts": 1773446885778, "data": {"e": "forceOrder", "E": 1773446885778, "o": {"s": "TRUMPUSDT", "S": "SELL", "o": "LIMIT", "f": "IOC", "q": "12.97", "p": "3.745000", "ap": "3.784000", "X": "FILLED", "l": "4.35", "z": "12.97", "T": 1773446885777}}}
{"local_ts": 1773446887905, "server_ts": 1773446888197, "data": {"e": "forceOrder", "E": 1773446888197, "o": {"s": "BARDUSDT", "S": "SELL", "o": "LIMIT", "f": "IOC", "q": "18", "p": "1.0680000", "ap": "1.0893000", "X": "FILLED", "l": "8", "z": "18", "T": 1773446888194}}}
{"local_ts": 1773446889005, "server_ts": 1773446889284, "data": {"e": "forceOrder", "E": 1773446889284, "o": {"s": "DEGOUSDT", "S": "BUY", "o": "LIMIT", "f": "IOC", "q": "8.0", "p": "1.1392000", "ap": "1.0876000", "X": "FILLED", "l": "8.0", "z": "8.0", "T": 1773446889282}}}
{"local_ts": 1773446890847, "server_ts": 1773446891139, "data": {"e": "forceOrder", "E": 1773446891139, "o": {"s": "TRUMPUSDT", "S": "SELL", "o": "LIMIT", "f": "IOC", "q": "227.51", "p": "3.741000", "ap": "3.762000", "X": "FILLED", "l": "171.33", "z": "227.51", "T": 1773446891136}}}
{"local_ts": 1773446891985, "server_ts": 1773446892277, "data": {"e": "forceOrder", "E": 1773446892277, "o": {"s": "TRUMPUSDT", "S": "SELL", "o": "LIMIT", "f": "IOC", "q": "47.52", "p": "3.734000", "ap": "3.761000", "X": "FILLED", "l": "47.52", "z": "47.52", "T": 1773446892274}}}
{"local_ts": 1773446893859, "server_ts": 1773446894151, "data": {"e": "forceOrder", "E": 1773446894151, "o": {"s": "TRUMPUSDT", "S": "SELL", "o": "LIMIT", "f": "IOC", "q": "43.19", "p": "3.729000", "ap": "3.761000", "X": "FILLED", "l": "10.97", "z": "43.19", "T": 1773446894149}}}
{"local_ts": 1773446894962, "server_ts": 1773446895255, "data": {"e": "forceOrder", "E": 1773446895255, "o": {"s": "TRUMPUSDT", "S": "SELL", "o": "LIMIT", "f": "IOC", "q": "282.34", "p": "3.728000", "ap": "3.755532", "X": "FILLED", "l": "52.47", "z": "282.34", "T": 1773446895253}}}
{"local_ts": 1773446896043, "server_ts": 1773446896328, "data": {"e": "forceOrder", "E": 1773446896328, "o": {"s": "MELANIAUSDT", "S": "SELL", "o": "LIMIT", "f": "IOC", "q": "11329.30", "p": "0.119400", "ap": "0.120457", "X": "FILLED", "l": "3649.99", "z": "11329.30", "T": 1773446896325}}}
{"local_ts": 1773446896203, "server_ts": 1773446896492, "data": {"e": "forceOrder", "E": 1773446896492, "o": {"s": "TRUMPUSDT", "S": "SELL", "o": "LIMIT", "f": "IOC", "q": "390.01", "p": "3.721000", "ap": "3.756146", "X": "FILLED", "l": "111.83", "z": "390.01", "T": 1773446896491}}}
{"local_ts": 1773446896328, "server_ts": 1773446896616, "data": {"e": "forceOrder", "E": 1773446896616, "o": {"s": "ETHUSDT", "S": "SELL", "o": "LIMIT", "f": "IOC", "q": "0.050", "p": "2081.94", "ap": "2090.31", "X": "FILLED", "l": "0.050", "z": "0.050", "T": 1773446896613}}}
{"local_ts": 1773446897010, "server_ts": 1773446897301, "data": {"e": "forceOrder", "E": 1773446897301, "o": {"s": "ENSOUSDT", "S": "BUY", "o": "LIMIT", "f": "IOC", "q": "4.4", "p": "1.418800", "ap": "1.396300", "X": "FILLED", "l": "4.4", "z": "4.4", "T": 1773446897298}}}
{"local_ts": 1773446897899, "server_ts": 1773446898192, "data": {"e": "forceOrder", "E": 1773446898192, "o": {"s": "TRUMPUSDT", "S": "SELL", "o": "LIMIT", "f": "IOC", "q": "385.58", "p": "3.712000", "ap": "3.745000", "X": "FILLED", "l": "81.79", "z": "385.58", "T": 1773446898189}}}
{"local_ts": 1773446898065, "server_ts": 1773446898357, "data": {"e": "forceOrder", "E": 1773446898357, "o": {"s": "BABYUSDT", "S": "SELL", "o": "LIMIT", "f": "IOC", "q": "31869", "p": "0.0130500", "ap": "0.0131600", "X": "FILLED", "l": "8670", "z": "31869", "T": 1773446898356}}}
{"local_ts": 1773446899022, "server_ts": 1773446899314, "data": {"e": "forceOrder", "E": 1773446899314, "o": {"s": "TRUMPUSDT", "S": "SELL", "o": "LIMIT", "f": "IOC", "q": "187.90", "p": "3.711000", "ap": "3.742000", "X": "FILLED", "l": "133.17", "z": "187.90", "T": 1773446899310}}}
{"local_ts": 1773446899850, "server_ts": 1773446900143, "data": {"e": "forceOrder", "E": 1773446900143, "o": {"s": "FUSDT", "S": "SELL", "o": "LIMIT", "f": "IOC", "q": "618", "p": "0.0054100", "ap": "0.0054910", "X": "FILLED", "l": "618", "z": "618", "T": 1773446900140}}}
{"local_ts": 1773446900360, "server_ts": 1773446900650, "data": {"e": "forceOrder", "E": 1773446900650, "o": {"s": "TRUMPUSDT", "S": "SELL", "o": "LIMIT", "f": "IOC", "q": "1307.18", "p": "3.706287", "ap": "3.732000", "X": "FILLED", "l": "23.65", "z": "1307.18", "T": 1773446900648}}}
{"local_ts": 1773446901417, "server_ts": 1773446901706, "data": {"e": "forceOrder", "E": 1773446901706, "o": {"s": "TRUMPUSDT", "S": "SELL", "o": "LIMIT", "f": "IOC", "q": "27.02", "p": "3.705000", "ap": "3.705000", "X": "FILLED", "l": "27.02", "z": "27.02", "T": 1773446901702}}}
{"local_ts": 1773446902456, "server_ts": 1773446902749, "data": {"e": "forceOrder", "E": 1773446902749, "o": {"s": "TRUMPUSDT", "S": "SELL", "o": "LIMIT", "f": "IOC", "q": "702.81", "p": "3.706000", "ap": "3.706000", "X": "FILLED", "l": "702.81", "z": "702.81", "T": 1773446902746}}}
{"local_ts": 1773446902982, "server_ts": 1773446903275, "data": {"e": "forceOrder", "E": 1773446903275, "o": {"s": "BANANAS31USDT", "S": "BUY", "o": "LIMIT", "f": "IOC", "q": "8885", "p": "0.0112330", "ap": "0.0111000", "X": "FILLED", "l": "8885", "z": "8885", "T": 1773446903271}}}
{"local_ts": 1773446902983, "server_ts": 1773446903275, "data": {"e": "forceOrder", "E": 1773446903275, "o": {"s": "EGLDUSDT", "S": "SELL", "o": "LIMIT", "f": "IOC", "q": "13.4", "p": "4.094", "ap": "4.122", "X": "FILLED", "l": "10.9", "z": "13.4", "T": 1773446903271}}}
{"local_ts": 1773446903219, "server_ts": 1773446903511, "data": {"e": "forceOrder", "E": 1773446903511, "o": {"s": "ADAUSDT", "S": "SELL", "o": "LIMIT", "f": "IOC", "q": "50243", "p": "0.26070", "ap": "0.26440", "X": "FILLED", "l": "310", "z": "50243", "T": 1773446903507}}}
{"local_ts": 1773446903220, "server_ts": 1773446903511, "data": {"e": "forceOrder", "E": 1773446903511, "o": {"s": "DOGEUSDT", "S": "SELL", "o": "LIMIT", "f": "IOC", "q": "2189517", "p": "0.094850", "ap": "0.095678", "X": "FILLED", "l": "127459", "z": "2189517", "T": 1773446903507}}}
{"local_ts": 1773446903269, "server_ts": 1773446903562, "data": {"e": "forceOrder", "E": 1773446903562, "o": {"s": "MELANIAUSDT", "S": "SELL", "o": "LIMIT", "f": "IOC", "q": "69.24", "p": "0.119100", "ap": "0.119100", "X": "FILLED", "l": "69.24", "z": "69.24", "T": 1773446903560}}}
{"local_ts": 1773446903477, "server_ts": 1773446903769, "data": {"e": "forceOrder", "E": 1773446903769, "o": {"s": "TRUMPUSDT", "S": "SELL", "o": "LIMIT", "f": "IOC", "q": "53.18", "p": "3.686000", "ap": "3.686000", "X": "FILLED", "l": "53.18", "z": "53.18", "T": 1773446903767}}}
{"local_ts": 1773446903563, "server_ts": 1773446903855, "data": {"e": "forceOrder", "E": 1773446903855, "o": {"s": "1000SHIBUSDT", "S": "SELL", "o": "LIMIT", "f": "IOC", "q": "81841", "p": "0.005877", "ap": "0.005909", "X": "FILLED", "l": "81841", "z": "81841", "T": 1773446903852}}}
{"local_ts": 1773446903564, "server_ts": 1773446903855, "data": {"e": "forceOrder", "E": 1773446903855, "o": {"s": "MANTAUSDT", "S": "SELL", "o": "LIMIT", "f": "IOC", "q": "3656.7", "p": "0.0674000", "ap": "0.0681663", "X": "FILLED", "l": "131.6", "z": "3656.7", "T": 1773446903852}}}
{"local_ts": 1773446903564, "server_ts": 1773446903855, "data": {"e": "forceOrder", "E": 1773446903855, "o": {"s": "ENAUSDT", "S": "SELL", "o": "LIMIT", "f": "IOC", "q": "2762", "p": "0.1073000", "ap": "0.1082000", "X": "FILLED", "l": "294", "z": "2762", "T": 1773446903852}}}
{"local_ts": 1773446903847, "server_ts": 1773446904127, "data": {"e": "forceOrder", "E": 1773446904127, "o": {"s": "BANANAUSDT", "S": "SELL", "o": "LIMIT", "f": "IOC", "q": "1161.2", "p": "4.2540000", "ap": "4.3040930", "X": "FILLED", "l": "6.1", "z": "1161.2", "T": 1773446904125}}}
{"local_ts": 1773446903848, "server_ts": 1773446904129, "data": {"e": "forceOrder", "E": 1773446904129, "o": {"s": "ORDIUSDT", "S": "SELL", "o": "LIMIT", "f": "IOC", "q": "137.7", "p": "2.514000", "ap": "2.532044", "X": "FILLED", "l": "131.6", "z": "137.7", "T": 1773446904126}}}
{"local_ts": 1773446903848, "server_ts": 1773446904136, "data": {"e": "forceOrder", "E": 1773446904136, "o": {"s": "TIAUSDT", "S": "SELL", "o": "LIMIT", "f": "IOC", "q": "256", "p": "0.3429000", "ap": "0.3460000", "X": "FILLED", "l": "256", "z": "256", "T": 1773446904133}}}
{"local_ts": 1773446903849, "server_ts": 1773446904136, "data": {"e": "forceOrder", "E": 1773446904136, "o": {"s": "XRPUSDT", "S": "SELL", "o": "LIMIT", "f": "IOC", "q": "61.6", "p": "1.3884", "ap": "1.3953", "X": "FILLED", "l": "54.4", "z": "61.6", "T": 1773446904133}}}
{"local_ts": 1773446903849, "server_ts": 1773446904136, "data": {"e": "forceOrder", "E": 1773446904136, "o": {"s": "VIRTUALUSDT", "S": "SELL", "o": "LIMIT", "f": "IOC", "q": "121.2", "p": "0.7112000", "ap": "0.7176000", "X": "FILLED", "l": "99.2", "z": "121.2", "T": 1773446904133}}}
{"local_ts": 1773446903849, "server_ts": 1773446904136, "data": {"e": "forceOrder", "E": 1773446904136, "o": {"s": "RENDERUSDT", "S": "SELL", "o": "LIMIT", "f": "IOC", "q": "46.8", "p": "1.7590000", "ap": "1.7740000", "X": "FILLED", "l": "13.3", "z": "46.8", "T": 1773446904133}}}
{"local_ts": 1773446903850, "server_ts": 1773446904136, "data": {"e": "forceOrder", "E": 1773446904136, "o": {"s": "XLMUSDT", "S": "SELL", "o": "LIMIT", "f": "IOC", "q": "489", "p": "0.16252", "ap": "0.16411", "X": "FILLED", "l": "412", "z": "489", "T": 1773446904133}}}
{"local_ts": 1773446903850, "server_ts": 1773446904136, "data": {"e": "forceOrder", "E": 1773446904136, "o": {"s": "TAOUSDT", "S": "SELL", "o": "LIMIT", "f": "IOC", "q": "0.411", "p": "232.08", "ap": "234.40", "X": "FILLED", "l": "0.006", "z": "0.411", "T": 1773446904133}}}
{"local_ts": 1773446903917, "server_ts": 1773446904207, "data": {"e": "forceOrder", "E": 1773446904207, "o": {"s": "NOTUSDT", "S": "SELL", "o": "LIMIT", "f": "IOC", "q": "1622096", "p": "0.0003905", "ap": "0.0003941", "X": "FILLED", "l": "103659", "z": "1622096", "T": 1773446904205}}}
{"local_ts": 1773446904247, "server_ts": 1773446904539, "data": {"e": "forceOrder", "E": 1773446904539, "o": {"s": "ROBOUSDT", "S": "BUY", "o": "LIMIT", "f": "IOC", "q": "19268", "p": "0.0403800", "ap": "0.0399800", "X": "FILLED", "l": "770", "z": "19268", "T": 1773446904536}}}
{"local_ts": 1773446904251, "server_ts": 1773446904543, "data": {"e": "forceOrder", "E": 1773446904543, "o": {"s": "PIXELUSDT", "S": "BUY", "o": "LIMIT", "f": "IOC", "q": "53548", "p": "0.0129750", "ap": "0.0128016", "X": "FILLED", "l": "4993", "z": "53548", "T": 1773446904541}}}
{"local_ts": 1773446904320, "server_ts": 1773446904613, "data": {"e": "forceOrder", "E": 1773446904613, "o": {"s": "ESPUSDT", "S": "SELL", "o": "LIMIT", "f": "IOC", "q": "1301", "p": "0.0983300", "ap": "0.0999900", "X": "FILLED", "l": "339", "z": "1301", "T": 1773446904610}}}
{"local_ts": 1773446904348, "server_ts": 1773446904641, "data": {"e": "forceOrder", "E": 1773446904641, "o": {"s": "PNUTUSDT", "S": "SELL", "o": "LIMIT", "f": "IOC", "q": "74403", "p": "0.0456100", "ap": "0.0466482", "X": "FILLED", "l": "5941", "z": "74403", "T": 1773446904638}}}
{"local_ts": 1773446904349, "server_ts": 1773446904641, "data": {"e": "forceOrder", "E": 1773446904641, "o": {"s": "PEOPLEUSDT", "S": "SELL", "o": "LIMIT", "f": "IOC", "q": "89023", "p": "0.00704", "ap": "0.00739", "X": "FILLED", "l": "80570", "z": "89023", "T": 1773446904638}}}
{"local_ts": 1773446904380, "server_ts": 1773446904672, "data": {"e": "forceOrder", "E": 1773446904672, "o": {"s": "UAIUSDT", "S": "SELL", "o": "LIMIT", "f": "IOC", "q": "509", "p": "0.3550000", "ap": "0.3601000", "X": "FILLED", "l": "165", "z": "509", "T": 1773446904669}}}
{"local_ts": 1773446904381, "server_ts": 1773446904672, "data": {"e": "forceOrder", "E": 1773446904672, "o": {"s": "PHAUSDT", "S": "SELL", "o": "LIMIT", "f": "IOC", "q": "75932", "p": "0.0342900", "ap": "0.0345294", "X": "FILLED", "l": "1504", "z": "75932", "T": 1773446904669}}}
{"local_ts": 1773446904381, "server_ts": 1773446904672, "data": {"e": "forceOrder", "E": 1773446904672, "o": {"s": "APRUSDT", "S": "SELL", "o": "LIMIT", "f": "IOC", "q": "10197", "p": "0.1321000", "ap": "0.1338176", "X": "FILLED", "l": "164", "z": "10197", "T": 1773446904669}}}
{"local_ts": 1773446904381, "server_ts": 1773446904672, "data": {"e": "forceOrder", "E": 1773446904672, "o": {"s": "NAORISUSDT", "S": "SELL", "o": "LIMIT", "f": "IOC", "q": "1747", "p": "0.0599300", "ap": "0.0610622", "X": "FILLED", "l": "1357", "z": "1747", "T": 1773446904669}}}
{"local_ts": 1773446904382, "server_ts": 1773446904672, "data": {"e": "forceOrder", "E": 1773446904672, "o": {"s": "BTCUSDT", "S": "SELL", "o": "LIMIT", "f": "IOC", "q": "0.024", "p": "70503.10", "ap": "70762.00", "X": "FILLED", "l": "0.024", "z": "0.024", "T": 1773446904669}}}
{"local_ts": 1773446904382, "server_ts": 1773446904672, "data": {"e": "forceOrder", "E": 1773446904672, "o": {"s": "AVNTUSDT", "S": "SELL", "o": "LIMIT", "f": "IOC", "q": "2167", "p": "0.1588000", "ap": "0.1600000", "X": "FILLED", "l": "150", "z": "2167", "T": 1773446904670}}}
{"local_ts": 1773446904382, "server_ts": 1773446904672, "data": {"e": "forceOrder", "E": 1773446904672, "o": {"s": "TAGUSDT", "S": "SELL", "o": "LIMIT", "f": "IOC", "q": "4324878", "p": "0.0005650", "ap": "0.0005727", "X": "FILLED", "l": "277766", "z": "4324878", "T": 1773446904670}}}
{"local_ts": 1773446904493, "server_ts": 1773446904775, "data": {"e": "forceOrder", "E": 1773446904775, "o": {"s": "TRUMPUSDT", "S": "SELL", "o": "LIMIT", "f": "IOC", "q": "175.78", "p": "3.676000", "ap": "3.681014", "X": "FILLED", "l": "9.13", "z": "175.78", "T": 1773446904773}}}
{"local_ts": 1773446904509, "server_ts": 1773446904802, "data": {"e": "forceOrder", "E": 1773446904802, "o": {"s": "DOGEUSDT", "S": "SELL", "o": "LIMIT", "f": "IOC", "q": "10979", "p": "0.095240", "ap": "0.095690", "X": "FILLED", "l": "10979", "z": "10979", "T": 1773446904800}}}
{"local_ts": 1773446904680, "server_ts": 1773446904965, "data": {"e": "forceOrder", "E": 1773446904965, "o": {"s": "PTBUSDT", "S": "SELL", "o": "LIMIT", "f": "IOC", "q": "10304", "p": "0.0012300", "ap": "0.0012490", "X": "FILLED", "l": "10304", "z": "10304", "T": 1773446904962}}}
{"local_ts": 1773446904681, "server_ts": 1773446904965, "data": {"e": "forceOrder", "E": 1773446904965, "o": {"s": "POWERUSDT", "S": "SELL", "o": "LIMIT", "f": "IOC", "q": "53", "p": "0.1257700", "ap": "0.1284143", "X": "FILLED", "l": "30", "z": "53", "T": 1773446904962}}}
{"local_ts": 1773446904823, "server_ts": 1773446905116, "data": {"e": "forceOrder", "E": 1773446905116, "o": {"s": "TRUMPUSDC", "S": "SELL", "o": "LIMIT", "f": "IOC", "q": "203.23", "p": "3.661000", "ap": "3.680529", "X": "FILLED", "l": "95.62", "z": "203.23", "T": 1773446905113}}}
{"local_ts": 1773446904824, "server_ts": 1773446905116, "data": {"e": "forceOrder", "E": 1773446905116, "o": {"s": "MELANIAUSDT", "S": "SELL", "o": "LIMIT", "f": "IOC", "q": "833.33", "p": "0.117900", "ap": "0.118500", "X": "FILLED", "l": "345.18", "z": "833.33", "T": 1773446905114}}}
{"local_ts": 1773446904850, "server_ts": 1773446905143, "data": {"e": "forceOrder", "E": 1773446905143, "o": {"s": "ALLOUSDT", "S": "SELL", "o": "LIMIT", "f": "IOC", "q": "2905", "p": "0.1174000", "ap": "0.1194094", "X": "FILLED", "l": "297", "z": "2905", "T": 1773446905139}}}
{"local_ts": 1773446904978, "server_ts": 1773446905271, "data": {"e": "forceOrder", "E": 1773446905271, "o": {"s": "BANANAS31USDT", "S": "SELL", "o": "LIMIT", "f": "IOC", "q": "3519", "p": "0.0109250", "ap": "0.0110900", "X": "FILLED", "l": "3519", "z": "3519", "T": 1773446905270}}}
{"local_ts": 1773446905075, "server_ts": 1773446905367, "data": {"e": "forceOrder", "E": 1773446905367, "o": {"s": "LYNUSDT", "S": "BUY", "o": "LIMIT", "f": "IOC", "q": "107", "p": "0.2086300", "ap": "0.2037115", "X": "FILLED", "l": "17", "z": "107", "T": 1773446905365}}}
{"local_ts": 1773446905112, "server_ts": 1773446905406, "data": {"e": "forceOrder", "E": 1773446905406, "o": {"s": "MOODENGUSDT", "S": "SELL", "o": "LIMIT", "f": "IOC", "q": "846", "p": "0.0523419", "ap": "0.0528000", "X": "FILLED", "l": "846", "z": "846", "T": 1773446905403}}}
{"local_ts": 1773446905112, "server_ts": 1773446905406, "data": {"e": "forceOrder", "E": 1773446905406, "o": {"s": "TURBOUSDT", "S": "SELL", "o": "LIMIT", "f": "IOC", "q": "43455", "p": "0.0011123", "ap": "0.0011244", "X": "FILLED", "l": "43455", "z": "43455", "T": 1773446905403}}}
{"local_ts": 1773446905266, "server_ts": 1773446905554, "data": {"e": "forceOrder", "E": 1773446905554, "o": {"s": "BREVUSDT", "S": "SELL", "o": "LIMIT", "f": "IOC", "q": "802", "p": "0.1302000", "ap": "0.1320000", "X": "FILLED", "l": "802", "z": "802", "T": 1773446905552}}}
{"local_ts": 1773446905278, "server_ts": 1773446905571, "data": {"e": "forceOrder", "E": 1773446905571, "o": {"s": "TUTUSDT", "S": "SELL", "o": "LIMIT", "f": "IOC", "q": "39899", "p": "0.0103400", "ap": "0.0105394", "X": "FILLED", "l": "2378", "z": "39899", "T": 1773446905569}}}
{"local_ts": 1773446905529, "server_ts": 1773446905812, "data": {"e": "forceOrder", "E": 1773446905812, "o": {"s": "TRUMPUSDT", "S": "SELL", "o": "LIMIT", "f": "IOC", "q": "14.71", "p": "3.655000", "ap": "3.672000", "X": "FILLED", "l": "14.71", "z": "14.71", "T": 1773446905810}}}
{"local_ts": 1773446905571, "server_ts": 1773446905865, "data": {"e": "forceOrder", "E": 1773446905865, "o": {"s": "VFYUSDT", "S": "SELL", "o": "LIMIT", "f": "IOC", "q": "14709", "p": "0.0133800", "ap": "0.0147934", "X": "FILLED", "l": "1562", "z": "14709", "T": 1773446905863}}}
{"local_ts": 1773446905797, "server_ts": 1773446906084, "data": {"e": "forceOrder", "E": 1773446906084, "o": {"s": "TAOUSDT", "S": "SELL", "o": "LIMIT", "f": "IOC", "q": "12.890", "p": "232.08", "ap": "234.22", "X": "FILLED", "l": "3.201", "z": "12.890", "T": 1773446906082}}}
{"local_ts": 1773446906833, "server_ts": 1773446907126, "data": {"e": "forceOrder", "E": 1773446907126, "o": {"s": "TRUMPUSDT", "S": "SELL", "o": "LIMIT", "f": "IOC", "q": "2001.02", "p": "3.637000", "ap": "3.677442", "X": "FILLED", "l": "64.35", "z": "2001.02", "T": 1773446907123}}}
{"local_ts": 1773446906862, "server_ts": 1773446907156, "data": {"e": "forceOrder", "E": 1773446907156, "o": {"s": "KAVAUSDT", "S": "SELL", "o": "LIMIT", "f": "IOC", "q": "141.5", "p": "0.0570", "ap": "0.0578", "X": "FILLED", "l": "141.5", "z": "141.5", "T": 1773446907154}}}
{"local_ts": 1773446906863, "server_ts": 1773446907156, "data": {"e": "forceOrder", "E": 1773446907156, "o": {"s": "THETAUSDT", "S": "SELL", "o": "LIMIT", "f": "IOC", "q": "28.6", "p": "0.1753", "ap": "0.1771", "X": "FILLED", "l": "28.6", "z": "28.6", "T": 1773446907154}}}
{"local_ts": 1773446906930, "server_ts": 1773446907216, "data": {"e": "forceOrder", "E": 1773446907216, "o": {"s": "LYNUSDT", "S": "SELL", "o": "LIMIT", "f": "IOC", "q": "5000", "p": "0.1975500", "ap": "0.2034555", "X": "FILLED", "l": "301", "z": "5000", "T": 1773446907212}}}
{"local_ts": 1773446907185, "server_ts": 1773446907478, "data": {"e": "forceOrder", "E": 1773446907478, "o": {"s": "TRUMPUSDC", "S": "SELL", "o": "LIMIT", "f": "IOC", "q": "75.30", "p": "3.652000", "ap": "3.678000", "X": "FILLED", "l": "22.81", "z": "75.30", "T": 1773446907475}}}
{"local_ts": 1773446907745, "server_ts": 1773446908037, "data": {"e": "forceOrder", "E": 1773446908037, "o": {"s": "PIXELUSDT", "S": "SELL", "o": "LIMIT", "f": "IOC", "q": "29530", "p": "0.0126300", "ap": "0.0127390", "X": "FILLED", "l": "29530", "z": "29530", "T": 1773446908034}}}
{"local_ts": 1773446909905, "server_ts": 1773446910196, "data": {"e": "forceOrder", "E": 1773446910196, "o": {"s": "APRUSDT", "S": "BUY", "o": "LIMIT", "f": "IOC", "q": "172", "p": "0.1359800", "ap": "0.1340200", "X": "FILLED", "l": "172", "z": "172", "T": 1773446910194}}}
{"local_ts": 1773446909905, "server_ts": 1773446910196, "data": {"e": "forceOrder", "E": 1773446910196, "o": {"s": "RIVERUSDT", "S": "BUY", "o": "LIMIT", "f": "IOC", "q": "1.1", "p": "20.409000", "ap": "20.103000", "X": "FILLED", "l": "1.1", "z": "1.1", "T": 1773446910194}}}
{"local_ts": 1773446909906, "server_ts": 1773446910196, "data": {"e": "forceOrder", "E": 1773446910196, "o": {"s": "ENSOUSDT", "S": "BUY", "o": "LIMIT", "f": "IOC", "q": "17.9", "p": "1.425300", "ap": "1.403700", "X": "FILLED", "l": "17.9", "z": "17.9", "T": 1773446910194}}}
{"local_ts": 1773446911541, "server_ts": 1773446911834, "data": {"e": "forceOrder", "E": 1773446911834, "o": {"s": "PROMUSDT", "S": "SELL", "o": "LIMIT", "f": "IOC", "q": "6.8", "p": "1.0860000", "ap": "1.1010000", "X": "FILLED", "l": "6.8", "z": "6.8", "T": 1773446911832}}}
{"local_ts": 1773446911621, "server_ts": 1773446911904, "data": {"e": "forceOrder", "E": 1773446911904, "o": {"s": "PIXELUSDT", "S": "SELL", "o": "LIMIT", "f": "IOC", "q": "87432", "p": "0.0125625", "ap": "0.0127219", "X": "FILLED", "l": "13954", "z": "87432", "T": 1773446911901}}}
{"local_ts": 1773446912270, "server_ts": 1773446912564, "data": {"e": "forceOrder", "E": 1773446912564, "o": {"s": "DEGOUSDT", "S": "BUY", "o": "LIMIT", "f": "IOC", "q": "39.5", "p": "1.1471641", "ap": "1.0911000", "X": "FILLED", "l": "39.5", "z": "39.5", "T": 1773446912560}}}
{"local_ts": 1773446912755, "server_ts": 1773446913047, "data": {"e": "forceOrder", "E": 1773446913047, "o": {"s": "TRUMPUSDT", "S": "SELL", "o": "LIMIT", "f": "IOC", "q": "72.05", "p": "3.679000", "ap": "3.689000", "X": "FILLED", "l": "21.37", "z": "72.05", "T": 1773446913044}}}
{"local_ts": 1773446912863, "server_ts": 1773446913155, "data": {"e": "forceOrder", "E": 1773446913155, "o": {"s": "ILVUSDT", "S": "SELL", "o": "LIMIT", "f": "IOC", "q": "1.6", "p": "3.93700", "ap": "3.99200", "X": "FILLED", "l": "1.6", "z": "1.6", "T": 1773446913152}}}
{"local_ts": 1773446912967, "server_ts": 1773446913259, "data": {"e": "forceOrder", "E": 1773446913259, "o": {"s": "PIXELUSDT", "S": "SELL", "o": "LIMIT", "f": "IOC", "q": "710", "p": "0.0125550", "ap": "0.0126860", "X": "FILLED", "l": "420", "z": "710", "T": 1773446913255}}}
{"local_ts": 1773446913516, "server_ts": 1773446913808, "data": {"e": "forceOrder", "E": 1773446913808, "o": {"s": "SLPUSDT", "S": "SELL", "o": "LIMIT", "f": "IOC", "q": "313439", "p": "0.0005802", "ap": "0.0005884", "X": "FILLED", "l": "7104", "z": "313439", "T": 1773446913807}}}
{"local_ts": 1773446915092, "server_ts": 1773446915382, "data": {"e": "forceOrder", "E": 1773446915382, "o": {"s": "CYBERUSDT", "S": "SELL", "o": "LIMIT", "f": "IOC", "q": "122.6", "p": "0.588900", "ap": "0.591100", "X": "FILLED", "l": "25.6", "z": "122.6", "T": 1773446915380}}}
{"local_ts": 1773446915385, "server_ts": 1773446915673, "data": {"e": "forceOrder", "E": 1773446915673, "o": {"s": "TRUMPUSDT", "S": "SELL", "o": "LIMIT", "f": "IOC", "q": "4532.95", "p": "3.688000", "ap": "3.688000", "X": "FILLED", "l": "4532.95", "z": "4532.95", "T": 1773446915670}}}
{"local_ts": 1773446915439, "server_ts": 1773446915731, "data": {"e": "forceOrder", "E": 1773446915731, "o": {"s": "BANANAS31USDT", "S": "SELL", "o": "LIMIT", "f": "IOC", "q": "73176", "p": "0.0109130", "ap": "0.0110612", "X": "FILLED", "l": "9540", "z": "73176", "T": 1773446915726}}}
{"local_ts": 1773446917314, "server_ts": 1773446917606, "data": {"e": "forceOrder", "E": 1773446917606, "o": {"s": "RSRUSDT", "S": "SELL", "o": "LIMIT", "f": "IOC", "q": "30000", "p": "0.001682", "ap": "0.001698", "X": "FILLED", "l": "24137", "z": "30000", "T": 1773446917604}}}
{"local_ts": 1773446918236, "server_ts": 1773446918527, "data": {"e": "forceOrder", "E": 1773446918527, "o": {"s": "MOODENGUSDT", "S": "SELL", "o": "LIMIT", "f": "IOC", "q": "1871", "p": "0.0520900", "ap": "0.0525500", "X": "FILLED", "l": "1680", "z": "1871", "T": 1773446918525}}}
{"local_ts": 1773446918449, "server_ts": 1773446918742, "data": {"e": "forceOrder", "E": 1773446918742, "o": {"s": "CYBERUSDT", "S": "SELL", "o": "LIMIT", "f": "IOC", "q": "19.8", "p": "0.584600", "ap": "0.597800", "X": "FILLED", "l": "2.8", "z": "19.8", "T": 1773446918740}}}
{"local_ts": 1773446919050, "server_ts": 1773446919343, "data": {"e": "forceOrder", "E": 1773446919343, "o": {"s": "NEARUSDT", "S": "SELL", "o": "LIMIT", "f": "IOC", "q": "99", "p": "1.3120", "ap": "1.3250", "X": "FILLED", "l": "99", "z": "99", "T": 1773446919340}}}
{"local_ts": 1773446919578, "server_ts": 1773446919869, "data": {"e": "forceOrder", "E": 1773446919869, "o": {"s": "PHBUSDT", "S": "SELL", "o": "LIMIT", "f": "IOC", "q": "77", "p": "0.1298000", "ap": "0.1325000", "X": "FILLED", "l": "77", "z": "77", "T": 1773446919866}}}
{"local_ts": 1773446920150, "server_ts": 1773446920442, "data": {"e": "forceOrder", "E": 1773446920442, "o": {"s": "TURBOUSDT", "S": "SELL", "o": "LIMIT", "f": "IOC", "q": "12142", "p": "0.0011118", "ap": "0.0011230", "X": "FILLED", "l": "12142", "z": "12142", "T": 1773446920440}}}
{"local_ts": 1773446924925, "server_ts": 1773446925216, "data": {"e": "forceOrder", "E": 1773446925216, "o": {"s": "DEGOUSDT", "S": "BUY", "o": "LIMIT", "f": "IOC", "q": "36.4", "p": "1.1514000", "ap": "1.0970000", "X": "FILLED", "l": "36.4", "z": "36.4", "T": 1773446925214}}}
{"local_ts": 1773446925856, "server_ts": 1773446926137, "data": {"e": "forceOrder", "E": 1773446926137, "o": {"s": "DOODUSDT", "S": "SELL", "o": "LIMIT", "f": "IOC", "q": "92284", "p": "0.0031450", "ap": "0.0031803", "X": "FILLED", "l": "15033", "z": "92284", "T": 1773446926135}}}
{"local_ts": 1773446926173, "server_ts": 1773446926468, "data": {"e": "forceOrder", "E": 1773446926468, "o": {"s": "LYNUSDT", "S": "BUY", "o": "LIMIT", "f": "IOC", "q": "184", "p": "0.2111900", "ap": "0.2056280", "X": "FILLED", "l": "86", "z": "184", "T": 1773446926465}}}
{"local_ts": 1773446927315, "server_ts": 1773446927607, "data": {"e": "forceOrder", "E": 1773446927607, "o": {"s": "BERAUSDT", "S": "SELL", "o": "LIMIT", "f": "IOC", "q": "664.3", "p": "0.653000", "ap": "0.659524", "X": "FILLED", "l": "46.6", "z": "664.3", "T": 1773446927605}}}
{"local_ts": 1773446927322, "server_ts": 1773446927615, "data": {"e": "forceOrder", "E": 1773446927615, "o": {"s": "DEGOUSDT", "S": "BUY", "o": "LIMIT", "f": "IOC", "q": "350.3", "p": "1.1516000", "ap": "1.0989215", "X": "FILLED", "l": "54.3", "z": "350.3", "T": 1773446927612}}}
{"local_ts": 1773446927879, "server_ts": 1773446928171, "data": {"e": "forceOrder", "E": 1773446928171, "o": {"s": "SUIUSDT", "S": "SELL", "o": "LIMIT", "f": "IOC", "q": "13.9", "p": "0.983200", "ap": "0.993000", "X": "FILLED", "l": "4.0", "z": "13.9", "T": 1773446928165}}}
{"local_ts": 1773446927880, "server_ts": 1773446928171, "data": {"e": "forceOrder", "E": 1773446928171, "o": {"s": "REDUSDT", "S": "SELL", "o": "LIMIT", "f": "IOC", "q": "3326", "p": "0.1264000", "ap": "0.1274556", "X": "FILLED", "l": "1476", "z": "3326", "T": 1773446928165}}}
{"local_ts": 1773446927881, "server_ts": 1773446928171, "data": {"e": "forceOrder", "E": 1773446928171, "o": {"s": "ATOMUSDT", "S": "SELL", "o": "LIMIT", "f": "IOC", "q": "15.13", "p": "1.843", "ap": "1.854", "X": "FILLED", "l": "15.13", "z": "15.13", "T": 1773446928165}}}
{"local_ts": 1773446927881, "server_ts": 1773446928171, "data": {"e": "forceOrder", "E": 1773446928171, "o": {"s": "RIVERUSDT", "S": "SELL", "o": "LIMIT", "f": "IOC", "q": "2.3", "p": "19.818000", "ap": "20.131000", "X": "FILLED", "l": "2.3", "z": "2.3", "T": 1773446928165}}}
{"local_ts": 1773446929768, "server_ts": 1773446930060, "data": {"e": "forceOrder", "E": 1773446930060, "o": {"s": "KERNELUSDT", "S": "SELL", "o": "LIMIT", "f": "IOC", "q": "193", "p": "0.0919200", "ap": "0.0932555", "X": "FILLED", "l": "85", "z": "193", "T": 1773446930058}}}
{"local_ts": 1773446929815, "server_ts": 1773446930107, "data": {"e": "forceOrder", "E": 1773446930107, "o": {"s": "RENDERUSDT", "S": "SELL", "o": "LIMIT", "f": "IOC", "q": "686.1", "p": "1.7540000", "ap": "1.7690000", "X": "FILLED", "l": "686.1", "z": "686.1", "T": 1773446930105}}}
{"local_ts": 1773446935984, "server_ts": 1773446936275, "data": {"e": "forceOrder", "E": 1773446936275, "o": {"s": "LYNUSDT", "S": "BUY", "o": "LIMIT", "f": "IOC", "q": "234", "p": "0.2125800", "ap": "0.2064505", "X": "FILLED", "l": "124", "z": "234", "T": 1773446936272}}}
{"local_ts": 1773446936368, "server_ts": 1773446936656, "data": {"e": "forceOrder", "E": 1773446936656, "o": {"s": "DOODUSDT", "S": "SELL", "o": "LIMIT", "f": "IOC", "q": "197532", "p": "0.0031220", "ap": "0.0031540", "X": "FILLED", "l": "23244", "z": "197532", "T": 1773446936654}}}
{"local_ts": 1773446936369, "server_ts": 1773446936656, "data": {"e": "forceOrder", "E": 1773446936656, "o": {"s": "BANANAS31USDT", "S": "BUY", "o": "LIMIT", "f": "IOC", "q": "24817", "p": "0.0112460", "ap": "0.0110826", "X": "FILLED", "l": "15390", "z": "24817", "T": 1773446936654}}}
{"local_ts": 1773446936369, "server_ts": 1773446936656, "data": {"e": "forceOrder", "E": 1773446936656, "o": {"s": "BERAUSDT", "S": "SELL", "o": "LIMIT", "f": "IOC", "q": "872.8", "p": "0.647900", "ap": "0.653784", "X": "FILLED", "l": "136.3", "z": "872.8", "T": 1773446936654}}}
{"local_ts": 1773446937110, "server_ts": 1773446937403, "data": {"e": "forceOrder", "E": 1773446937403, "o": {"s": "DEGOUSDT", "S": "BUY", "o": "LIMIT", "f": "IOC", "q": "18.7", "p": "1.1531000", "ap": "1.0996000", "X": "FILLED", "l": "18.7", "z": "18.7", "T": 1773446937401}}}
{"local_ts": 1773446937523, "server_ts": 1773446937814, "data": {"e": "forceOrder", "E": 1773446937814, "o": {"s": "DOODUSDT", "S": "SELL", "o": "LIMIT", "f": "IOC", "q": "10635", "p": "0.0031150", "ap": "0.0031416", "X": "FILLED", "l": "4052", "z": "10635", "T": 1773446937812}}}
{"local_ts": 1773446938242, "server_ts": 1773446938535, "data": {"e": "forceOrder", "E": 1773446938535, "o": {"s": "BERAUSDT", "S": "SELL", "o": "LIMIT", "f": "IOC", "q": "11.0", "p": "0.647000", "ap": "0.653000", "X": "FILLED", "l": "11.0", "z": "11.0", "T": 1773446938533}}}
{"local_ts": 1773446938477, "server_ts": 1773446938769, "data": {"e": "forceOrder", "E": 1773446938769, "o": {"s": "DEGOUSDT", "S": "BUY", "o": "LIMIT", "f": "IOC", "q": "147.3", "p": "1.1535000", "ap": "1.0996000", "X": "FILLED", "l": "118.5", "z": "147.3", "T": 1773446938768}}}
{"local_ts": 1773446940858, "server_ts": 1773446941152, "data": {"e": "forceOrder", "E": 1773446941152, "o": {"s": "DEGOUSDT", "S": "BUY", "o": "LIMIT", "f": "IOC", "q": "283.9", "p": "1.1539000", "ap": "1.0963646", "X": "FILLED", "l": "85.1", "z": "283.9", "T": 1773446941149}}}
{"local_ts": 1773446941464, "server_ts": 1773446941754, "data": {"e": "forceOrder", "E": 1773446941754, "o": {"s": "TUTUSDT", "S": "SELL", "o": "LIMIT", "f": "IOC", "q": "469395", "p": "0.0103300", "ap": "0.0105174", "X": "FILLED", "l": "41639", "z": "469395", "T": 1773446941752}}}
{"local_ts": 1773446942905, "server_ts": 1773446943198, "data": {"e": "forceOrder", "E": 1773446943198, "o": {"s": "ALICEUSDT", "S": "SELL", "o": "LIMIT", "f": "IOC", "q": "23072.9", "p": "0.118", "ap": "0.120", "X": "FILLED", "l": "23072.9", "z": "23072.9", "T": 1773446943194}}}
