{"local_ts": 1773237592986, "server_ts": 1773237592789, "data": {"e": "forceOrder", "E": 1773237592789, "o": {"s": "PLAYUSDT", "S": "SELL", "o": "LIMIT", "f": "IOC", "q": "781", "p": "0.0398100", "ap": "0.0404100", "X": "FILLED", "l": "781", "z": "781", "T": 1773237592787}}}
{"local_ts": 1773237593832, "server_ts": 1773237593638, "data": {"e": "forceOrder", "E": 1773237593638, "o": {"s": "BOBUSDT", "S": "BUY", "o": "LIMIT", "f": "IOC", "q": "87512", "p": "0.0068440", "ap": "0.0067166", "X": "FILLED", "l": "7600", "z": "87512", "T": 1773237593636}}}
{"local_ts": 1773237601525, "server_ts": 1773237601331, "data": {"e": "forceOrder", "E": 1773237601331, "o": {"s": "BOBUSDT", "S": "BUY", "o": "LIMIT", "f": "IOC", "q": "5644", "p": "0.0068760", "ap": "0.0067103", "X": "FILLED", "l": "944", "z": "5644", "T": 1773237601327}}}
{"local_ts": 1773237605416, "server_ts": 1773237605222, "data": {"e": "forceOrder", "E": 1773237605222, "o": {"s": "PNUTUSDT", "S": "BUY", "o": "LIMIT", "f": "IOC", "q": "872", "p": "0.0460300", "ap": "0.0456400", "X": "FILLED", "l": "180", "z": "872", "T": 1773237605220}}}
{"local_ts": 1773237605629, "server_ts": 1773237605433, "data": {"e": "forceOrder", "E": 1773237605433, "o": {"s": "HYPEUSDT", "S": "BUY", "o": "LIMIT", "f": "IOC", "q": "0.35", "p": "36.43100", "ap": "36.10200", "X": "FILLED", "l": "0.07", "z": "0.35", "T": 1773237605429}}}
{"local_ts": 1773237610387, "server_ts": 1773237610191, "data": {"e": "forceOrder", "E": 1773237610191, "o": {"s": "ACXUSDT", "S": "BUY", "o": "LIMIT", "f": "IOC", "q": "166.4", "p": "0.0367300", "ap": "0.0367300", "X": "FILLED", "l": "166.4", "z": "166.4", "T": 1773237610188}}}
{"local_ts": 1773237611547, "server_ts": 1773237611350, "data": {"e": "forceOrder", "E": 1773237611350, "o": {"s": "ACXUSDT", "S": "BUY", "o": "LIMIT", "f": "IOC", "q": "104100.0", "p": "0.0373100", "ap": "0.0366174", "X": "FILLED", "l": "5874.1", "z": "104100.0", "T": 1773237611345}}}
{"local_ts": 1773237613346, "server_ts": 1773237613152, "data": {"e": "forceOrder", "E": 1773237613152, "o": {"s": "1000SHIBUSDT", "S": "BUY", "o": "LIMIT", "f": "IOC", "q": "423556", "p": "0.005845", "ap": "0.005807", "X": "FILLED", "l": "15022", "z": "423556", "T": 1773237613148}}}
{"local_ts": 1773237614709, "server_ts": 1773237614514, "data": {"e": "forceOrder", "E": 1773237614514, "o": {"s": "PIXELUSDT", "S": "BUY", "o": "LIMIT", "f": "IOC", "q": "11154", "p": "0.0148210", "ap": "0.0145620", "X": "FILLED", "l": "11154", "z": "11154", "T": 1773237614511}}}
{"local_ts": 1773237614868, "server_ts": 1773237614674, "data": {"e": "forceOrder", "E": 1773237614674, "o": {"s": "ZKUSDT", "S": "BUY", "o": "LIMIT", "f": "IOC", "q": "19476", "p": "0.0191395", "ap": "0.0189600", "X": "FILLED", "l": "16337", "z": "19476", "T": 1773237614672}}}
{"local_ts": 1773237619170, "server_ts": 1773237618978, "data": {"e": "forceOrder", "E": 1773237618978, "o": {"s": "COMPUSDT", "S": "BUY", "o": "LIMIT", "f": "IOC", "q": "2.348", "p": "19.08", "ap": "18.93", "X": "FILLED", "l": "2.348", "z": "2.348", "T": 1773237618975}}}
{"local_ts": 1773237619593, "server_ts": 1773237619400, "data": {"e": "forceOrder", "E": 1773237619400, "o": {"s": "ACXUSDT", "S": "BUY", "o": "LIMIT", "f": "IOC", "q": "5426.4", "p": "0.0377400", "ap": "0.0369309", "X": "FILLED", "l": "189.5", "z": "5426.4", "T": 1773237619397}}}
{"local_ts": 1773237620447, "server_ts": 1773237620248, "data": {"e": "forceOrder", "E": 1773237620248, "o": {"s": "COMPUSDT", "S": "BUY", "o": "LIMIT", "f": "IOC", "q": "3.312", "p": "19.11", "ap": "18.94", "X": "FILLED", "l": "3.312", "z": "3.312", "T": 1773237620243}}}
{"local_ts": 1773237621668, "server_ts": 1773237621337, "data": {"e": "forceOrder", "E": 1773237621337, "o": {"s": "COMPUSDT", "S": "BUY", "o": "LIMIT", "f": "IOC", "q": "5.903", "p": "19.12", "ap": "18.94", "X": "FILLED", "l": "5.903", "z": "5.903", "T": 1773237621334}}}
{"local_ts": 1773237623724, "server_ts": 1773237623532, "data": {"e": "forceOrder", "E": 1773237623532, "o": {"s": "COLLECTUSDT", "S": "SELL", "o": "LIMIT", "f": "IOC", "q": "7763", "p": "0.0582000", "ap": "0.0593824", "X": "FILLED", "l": "263", "z": "7763", "T": 1773237623529}}}
{"local_ts": 1773237624474, "server_ts": 1773237624277, "data": {"e": "forceOrder", "E": 1773237624277, "o": {"s": "CVXUSDT", "S": "BUY", "o": "LIMIT", "f": "IOC", "q": "29.3", "p": "2.246000", "ap": "2.223443", "X": "FILLED", "l": "13.0", "z": "29.3", "T": 1773237624275}}}
{"local_ts": 1773237624583, "server_ts": 1773237624386, "data": {"e": "forceOrder", "E": 1773237624386, "o": {"s": "ICPUSDT", "S": "BUY", "o": "LIMIT", "f": "IOC", "q": "20", "p": "2.758000", "ap": "2.733000", "X": "FILLED", "l": "20", "z": "20", "T": 1773237624384}}}
{"local_ts": 1773237625562, "server_ts": 1773237625367, "data": {"e": "forceOrder", "E": 1773237625367, "o": {"s": "SOLUSDT", "S": "BUY", "o": "LIMIT", "f": "IOC", "q": "19.48", "p": "86.3900", "ap": "85.9800", "X": "FILLED", "l": "19.48", "z": "19.48", "T": 1773237625365}}}
{"local_ts": 1773237625833, "server_ts": 1773237625640, "data": {"e": "forceOrder", "E": 1773237625640, "o": {"s": "ETHUSDT", "S": "BUY", "o": "LIMIT", "f": "IOC", "q": "0.416", "p": "2058.89", "ap": "2051.17", "X": "FILLED", "l": "0.416", "z": "0.416", "T": 1773237625637}}}
{"local_ts": 1773237628943, "server_ts": 1773237628747, "data": {"e": "forceOrder", "E": 1773237628747, "o": {"s": "BTCUSDT", "S": "BUY", "o": "LIMIT", "f": "IOC", "q": "0.002", "p": "70466.60", "ap": "70189.10", "X": "FILLED", "l": "0.002", "z": "0.002", "T": 1773237628744}}}
{"local_ts": 1773237632571, "server_ts": 1773237632376, "data": {"e": "forceOrder", "E": 1773237632376, "o": {"s": "ETHUSDT", "S": "BUY", "o": "LIMIT", "f": "IOC", "q": "0.010", "p": "2059.65", "ap": "2052.48", "X": "FILLED", "l": "0.010", "z": "0.010", "T": 1773237632374}}}
{"local_ts": 1773237632572, "server_ts": 1773237632376, "data": {"e": "forceOrder", "E": 1773237632376, "o": {"s": "BTCUSDT", "S": "BUY", "o": "LIMIT", "f": "IOC", "q": "0.011", "p": "70482.10", "ap": "70216.50", "X": "FILLED", "l": "0.011", "z": "0.011", "T": 1773237632374}}}
{"local_ts": 1773237634316, "server_ts": 1773237634124, "data": {"e": "forceOrder", "E": 1773237634124, "o": {"s": "COPPERUSDT", "S": "BUY", "o": "LIMIT", "f": "IOC", "q": "247.1", "p": "5.92400", "ap": "5.89837", "X": "FILLED", "l": "58.2", "z": "247.1", "T": 1773237634123}}}
{"local_ts": 1773237634438, "server_ts": 1773237634242, "data": {"e": "forceOrder", "E": 1773237634242, "o": {"s": "XRPUSDT", "S": "BUY", "o": "LIMIT", "f": "IOC", "q": "1501.7", "p": "1.4012", "ap": "1.3941", "X": "FILLED", "l": "146.8", "z": "1501.7", "T": 1773237634240}}}
{"local_ts": 1773237634543, "server_ts": 1773237634345, "data": {"e": "forceOrder", "E": 1773237634345, "o": {"s": "ETHUSDT", "S": "BUY", "o": "LIMIT", "f": "IOC", "q": "1.086", "p": "2061.34", "ap": "2053.15", "X": "FILLED", "l": "1.086", "z": "1.086", "T": 1773237634340}}}
{"local_ts": 1773237637274, "server_ts": 1773237637080, "data": {"e": "forceOrder", "E": 1773237637080, "o": {"s": "ETHUSDT", "S": "BUY", "o": "LIMIT", "f": "IOC", "q": "6.029", "p": "2062.02", "ap": "2053.85", "X": "FILLED", "l": "0.152", "z": "6.029", "T": 1773237637078}}}
{"local_ts": 1773237637275, "server_ts": 1773237637080, "data": {"e": "forceOrder", "E": 1773237637080, "o": {"s": "BTCUSDT", "S": "BUY", "o": "LIMIT", "f": "IOC", "q": "0.100", "p": "70531.70", "ap": "70248.40", "X": "FILLED", "l": "0.100", "z": "0.100", "T": 1773237637078}}}
{"local_ts": 1773237637361, "server_ts": 1773237637170, "data": {"e": "forceOrder", "E": 1773237637170, "o": {"s": "ZECUSDT", "S": "BUY", "o": "LIMIT", "f": "IOC", "q": "27.909", "p": "216.24", "ap": "214.15", "X": "FILLED", "l": "2.606", "z": "27.909", "T": 1773237637167}}}
{"local_ts": 1773237637537, "server_ts": 1773237637346, "data": {"e": "forceOrder", "E": 1773237637346, "o": {"s": "SOLUSDT", "S": "BUY", "o": "LIMIT", "f": "IOC", "q": "1.36", "p": "86.5000", "ap": "86.0900", "X": "FILLED", "l": "0.60", "z": "1.36", "T": 1773237637343}}}
{"local_ts": 1773237637918, "server_ts": 1773237637709, "data": {"e": "forceOrder", "E": 1773237637709, "o": {"s": "COPPERUSDT", "S": "BUY", "o": "LIMIT", "f": "IOC", "q": "23.8", "p": "5.92600", "ap": "5.90393", "X": "FILLED", "l": "22.3", "z": "23.8", "T": 1773237637705}}}
{"local_ts": 1773237639284, "server_ts": 1773237639081, "data": {"e": "forceOrder", "E": 1773237639081, "o": {"s": "ETHUSDT", "S": "BUY", "o": "LIMIT", "f": "IOC", "q": "14.685", "p": "2062.92", "ap": "2056.98", "X": "FILLED", "l": "1.680", "z": "14.685", "T": 1773237639077}}}
{"local_ts": 1773237639368, "server_ts": 1773237639177, "data": {"e": "forceOrder", "E": 1773237639177, "o": {"s": "BTCUSDT", "S": "BUY", "o": "LIMIT", "f": "IOC", "q": "0.003", "p": "70532.80", "ap": "70316.30", "X": "FILLED", "l": "0.003", "z": "0.003", "T": 1773237639174}}}
{"local_ts": 1773237639407, "server_ts": 1773237639215, "data": {"e": "forceOrder", "E": 1773237639215, "o": {"s": "ACXUSDT", "S": "BUY", "o": "LIMIT", "f": "IOC", "q": "18594.0", "p": "0.0380400", "ap": "0.0380400", "X": "FILLED", "l": "18594.0", "z": "18594.0", "T": 1773237639212}}}
{"local_ts": 1773237639644, "server_ts": 1773237639451, "data": {"e": "forceOrder", "E": 1773237639451, "o": {"s": "SOLUSDT", "S": "BUY", "o": "LIMIT", "f": "IOC", "q": "13.04", "p": "86.5400", "ap": "86.2100", "X": "FILLED", "l": "11.04", "z": "13.04", "T": 1773237639448}}}
{"local_ts": 1773237639646, "server_ts": 1773237639451, "data": {"e": "forceOrder", "E": 1773237639451, "o": {"s": "XAUUSDT", "S": "BUY", "o": "LIMIT", "f": "IOC", "q": "0.199", "p": "5199.89", "ap": "5175.01", "X": "FILLED", "l": "0.199", "z": "0.199", "T": 1773237639448}}}
{"local_ts": 1773237639647, "server_ts": 1773237639451, "data": {"e": "forceOrder", "E": 1773237639451, "o": {"s": "DOGEUSDT", "S": "BUY", "o": "LIMIT", "f": "IOC", "q": "8975", "p": "0.093880", "ap": "0.093380", "X": "FILLED", "l": "8975", "z": "8975", "T": 1773237639448}}}
{"local_ts": 1773237639663, "server_ts": 1773237639472, "data": {"e": "forceOrder", "E": 1773237639472, "o": {"s": "BTCUSDC", "S": "BUY", "o": "LIMIT", "f": "IOC", "q": "0.037", "p": "70565.1", "ap": "70317.0", "X": "FILLED", "l": "0.037", "z": "0.037", "T": 1773237639469}}}
{"local_ts": 1773237640442, "server_ts": 1773237640224, "data": {"e": "forceOrder", "E": 1773237640224, "o": {"s": "ETHUSDT", "S": "BUY", "o": "LIMIT", "f": "IOC", "q": "7.074", "p": "2063.50", "ap": "2057.38", "X": "FILLED", "l": "4.927", "z": "7.074", "T": 1773237640219}}}
{"local_ts": 1773237640479, "server_ts": 1773237640288, "data": {"e": "forceOrder", "E": 1773237640288, "o": {"s": "BTCUSDT", "S": "BUY", "o": "LIMIT", "f": "IOC", "q": "0.006", "p": "70588.30", "ap": "70347.10", "X": "FILLED", "l": "0.006", "z": "0.006", "T": 1773237640284}}}
{"local_ts": 1773237640657, "server_ts": 1773237640466, "data": {"e": "forceOrder", "E": 1773237640466, "o": {"s": "ZECUSDT", "S": "BUY", "o": "LIMIT", "f": "IOC", "q": "0.199", "p": "216.44", "ap": "214.44", "X": "FILLED", "l": "0.199", "z": "0.199", "T": 1773237640462}}}
{"local_ts": 1773237640931, "server_ts": 1773237640740, "data": {"e": "forceOrder", "E": 1773237640740, "o": {"s": "MANTRAUSDT", "S": "BUY", "o": "LIMIT", "f": "IOC", "q": "2278", "p": "0.0174300", "ap": "0.0172000", "X": "FILLED", "l": "871", "z": "2278", "T": 1773237640736}}}
{"local_ts": 1773237641445, "server_ts": 1773237641241, "data": {"e": "forceOrder", "E": 1773237641241, "o": {"s": "ACXUSDT", "S": "BUY", "o": "LIMIT", "f": "IOC", "q": "1873.0", "p": "0.0385600", "ap": "0.0385600", "X": "FILLED", "l": "1873.0", "z": "1873.0", "T": 1773237641236}}}
{"local_ts": 1773237641707, "server_ts": 1773237641511, "data": {"e": "forceOrder", "E": 1773237641511, "o": {"s": "DOGEUSDT", "S": "BUY", "o": "LIMIT", "f": "IOC", "q": "7639", "p": "0.093970", "ap": "0.093410", "X": "FILLED", "l": "7639", "z": "7639", "T": 1773237641508}}}
{"local_ts": 1773237642304, "server_ts": 1773237642104, "data": {"e": "forceOrder", "E": 1773237642104, "o": {"s": "龙虾USDT", "S": "SELL", "o": "LIMIT", "f": "IOC", "q": "688", "p": "0.0152270", "ap": "0.0167160", "X": "FILLED", "l": "688", "z": "688", "T": 1773237642100}}}
{"local_ts": 1773237642524, "server_ts": 1773237642332, "data": {"e": "forceOrder", "E": 1773237642332, "o": {"s": "BTCUSDT", "S": "BUY", "o": "LIMIT", "f": "IOC", "q": "0.004", "p": "70601.70", "ap": "70335.40", "X": "FILLED", "l": "0.004", "z": "0.004", "T": 1773237642330}}}
{"local_ts": 1773237642538, "server_ts": 1773237642347, "data": {"e": "forceOrder", "E": 1773237642347, "o": {"s": "SOLUSDT", "S": "BUY", "o": "LIMIT", "f": "IOC", "q": "10.82", "p": "86.6700", "ap": "86.2300", "X": "FILLED", "l": "1.45", "z": "10.82", "T": 1773237642345}}}
{"local_ts": 1773237642641, "server_ts": 1773237642449, "data": {"e": "forceOrder", "E": 1773237642449, "o": {"s": "ETHUSDT", "S": "BUY", "o": "LIMIT", "f": "IOC", "q": "0.979", "p": "2064.97", "ap": "2056.99", "X": "FILLED", "l": "0.909", "z": "0.979", "T": 1773237642445}}}
{"local_ts": 1773237642660, "server_ts": 1773237642469, "data": {"e": "forceOrder", "E": 1773237642469, "o": {"s": "XRPUSDT", "S": "BUY", "o": "LIMIT", "f": "IOC", "q": "15.8", "p": "1.4038", "ap": "1.3967", "X": "FILLED", "l": "9.5", "z": "15.8", "T": 1773237642467}}}
{"local_ts": 1773237642913, "server_ts": 1773237642721, "data": {"e": "forceOrder", "E": 1773237642721, "o": {"s": "ACXUSDT", "S": "BUY", "o": "LIMIT", "f": "IOC", "q": "2311.0", "p": "0.0390600", "ap": "0.0390600", "X": "FILLED", "l": "2311.0", "z": "2311.0", "T": 1773237642719}}}
{"local_ts": 1773237643667, "server_ts": 1773237643477, "data": {"e": "forceOrder", "E": 1773237643477, "o": {"s": "龙虾USDT", "S": "SELL", "o": "LIMIT", "f": "IOC", "q": "480", "p": "0.0151802", "ap": "0.0168710", "X": "FILLED", "l": "480", "z": "480", "T": 1773237643475}}}
{"local_ts": 1773237644513, "server_ts": 1773237644316, "data": {"e": "forceOrder", "E": 1773237644316, "o": {"s": "ETHUSDC", "S": "BUY", "o": "LIMIT", "f": "IOC", "q": "0.025", "p": "2064.95", "ap": "2056.62", "X": "FILLED", "l": "0.025", "z": "0.025", "T": 1773237644313}}}
{"local_ts": 1773237644548, "server_ts": 1773237644353, "data": {"e": "forceOrder", "E": 1773237644353, "o": {"s": "ACXUSDT", "S": "BUY", "o": "LIMIT", "f": "IOC", "q": "312.1", "p": "0.0391700", "ap": "0.0387100", "X": "FILLED", "l": "312.1", "z": "312.1", "T": 1773237644349}}}
{"local_ts": 1773237645320, "server_ts": 1773237645121, "data": {"e": "forceOrder", "E": 1773237645121, "o": {"s": "龙虾USDT", "S": "SELL", "o": "LIMIT", "f": "IOC", "q": "22532", "p": "0.0151610", "ap": "0.0167360", "X": "FILLED", "l": "1512", "z": "22532", "T": 1773237645118}}}
{"local_ts": 1773237647375, "server_ts": 1773237647126, "data": {"e": "forceOrder", "E": 1773237647126, "o": {"s": "龙虾USDT", "S": "SELL", "o": "LIMIT", "f": "IOC", "q": "497", "p": "0.0151080", "ap": "0.0165200", "X": "FILLED", "l": "497", "z": "497", "T": 1773237647122}}}
{"local_ts": 1773237647613, "server_ts": 1773237647418, "data": {"e": "forceOrder", "E": 1773237647418, "o": {"s": "ETHUSDT", "S": "BUY", "o": "LIMIT", "f": "IOC", "q": "0.072", "p": "2065.62", "ap": "2058.48", "X": "FILLED", "l": "0.012", "z": "0.072", "T": 1773237647415}}}
{"local_ts": 1773237647613, "server_ts": 1773237647418, "data": {"e": "forceOrder", "E": 1773237647418, "o": {"s": "SOLUSDT", "S": "BUY", "o": "LIMIT", "f": "IOC", "q": "2.85", "p": "86.6900", "ap": "86.3000", "X": "FILLED", "l": "2.85", "z": "2.85", "T": 1773237647415}}}
{"local_ts": 1773237649283, "server_ts": 1773237649088, "data": {"e": "forceOrder", "E": 1773237649088, "o": {"s": "ACXUSDT", "S": "BUY", "o": "LIMIT", "f": "IOC", "q": "1804.0", "p": "0.0399800", "ap": "0.0399800", "X": "FILLED", "l": "1804.0", "z": "1804.0", "T": 1773237649085}}}
{"local_ts": 1773237649442, "server_ts": 1773237649246, "data": {"e": "forceOrder", "E": 1773237649246, "o": {"s": "ETHUSDC", "S": "BUY", "o": "LIMIT", "f": "IOC", "q": "2.545", "p": "2066.40", "ap": "2059.04", "X": "FILLED", "l": "2.244", "z": "2.545", "T": 1773237649243}}}
{"local_ts": 1773237649562, "server_ts": 1773237649368, "data": {"e": "forceOrder", "E": 1773237649368, "o": {"s": "ETHUSDT", "S": "BUY", "o": "LIMIT", "f": "IOC", "q": "1.957", "p": "2066.65", "ap": "2059.29", "X": "FILLED", "l": "1.957", "z": "1.957", "T": 1773237649365}}}
{"local_ts": 1773237649619, "server_ts": 1773237649427, "data": {"e": "forceOrder", "E": 1773237649427, "o": {"s": "RESOLVUSDT", "S": "BUY", "o": "LIMIT", "f": "IOC", "q": "91", "p": "0.1243100", "ap": "0.1225400", "X": "FILLED", "l": "9", "z": "91", "T": 1773237649424}}}
{"local_ts": 1773237649820, "server_ts": 1773237649624, "data": {"e": "forceOrder", "E": 1773237649624, "o": {"s": "龙虾USDT", "S": "SELL", "o": "LIMIT", "f": "IOC", "q": "652", "p": "0.0150390", "ap": "0.0165705", "X": "FILLED", "l": "53", "z": "652", "T": 1773237649621}}}
{"local_ts": 1773237649903, "server_ts": 1773237649709, "data": {"e": "forceOrder", "E": 1773237649709, "o": {"s": "TSLAUSDT", "S": "BUY", "o": "LIMIT", "f": "IOC", "q": "0.08", "p": "434.77000", "ap": "414.11000", "X": "FILLED", "l": "0.03", "z": "0.08", "T": 1773237649707}}}
{"local_ts": 1773237650517, "server_ts": 1773237650324, "data": {"e": "forceOrder", "E": 1773237650324, "o": {"s": "ACXUSDT", "S": "BUY", "o": "LIMIT", "f": "IOC", "q": "317.0", "p": "0.0402000", "ap": "0.0402000", "X": "FILLED", "l": "317.0", "z": "317.0", "T": 1773237650322}}}
{"local_ts": 1773237650593, "server_ts": 1773237650401, "data": {"e": "forceOrder", "E": 1773237650401, "o": {"s": "ZECUSDT", "S": "BUY", "o": "LIMIT", "f": "IOC", "q": "0.289", "p": "217.06", "ap": "215.00", "X": "FILLED", "l": "0.289", "z": "0.289", "T": 1773237650399}}}
{"local_ts": 1773237650732, "server_ts": 1773237650536, "data": {"e": "forceOrder", "E": 1773237650536, "o": {"s": "SOLUSDC", "S": "BUY", "o": "LIMIT", "f": "IOC", "q": "105.71", "p": "86.7100", "ap": "86.3199", "X": "FILLED", "l": "4.22", "z": "105.71", "T": 1773237650534}}}
{"local_ts": 1773237651578, "server_ts": 1773237651383, "data": {"e": "forceOrder", "E": 1773237651383, "o": {"s": "ACXUSDT", "S": "BUY", "o": "LIMIT", "f": "IOC", "q": "1783.0", "p": "0.0404900", "ap": "0.0404900", "X": "FILLED", "l": "1783.0", "z": "1783.0", "T": 1773237651381}}}
{"local_ts": 1773237651835, "server_ts": 1773237651638, "data": {"e": "forceOrder", "E": 1773237651638, "o": {"s": "ETHUSDT", "S": "BUY", "o": "LIMIT", "f": "IOC", "q": "0.729", "p": "2067.33", "ap": "2059.87", "X": "FILLED", "l": "0.729", "z": "0.729", "T": 1773237651635}}}
{"local_ts": 1773237651992, "server_ts": 1773237651733, "data": {"e": "forceOrder", "E": 1773237651733, "o": {"s": "ETHUSDC", "S": "BUY", "o": "LIMIT", "f": "IOC", "q": "4.066", "p": "2067.10", "ap": "2059.69", "X": "FILLED", "l": "3.094", "z": "4.066", "T": 1773237651731}}}
{"local_ts": 1773237652810, "server_ts": 1773237652616, "data": {"e": "forceOrder", "E": 1773237652616, "o": {"s": "ACXUSDT", "S": "BUY", "o": "LIMIT", "f": "IOC", "q": "3765.5", "p": "0.0412100", "ap": "0.0410400", "X": "FILLED", "l": "275.9", "z": "3765.5", "T": 1773237652613}}}
{"local_ts": 1773237653537, "server_ts": 1773237653346, "data": {"e": "forceOrder", "E": 1773237653346, "o": {"s": "龙虾USDT", "S": "SELL", "o": "LIMIT", "f": "IOC", "q": "14022", "p": "0.0149630", "ap": "0.0164600", "X": "FILLED", "l": "7947", "z": "14022", "T": 1773237653345}}}
{"local_ts": 1773237653689, "server_ts": 1773237653497, "data": {"e": "forceOrder", "E": 1773237653497, "o": {"s": "ETHUSDT", "S": "BUY", "o": "LIMIT", "f": "IOC", "q": "0.489", "p": "2067.81", "ap": "2059.27", "X": "FILLED", "l": "0.489", "z": "0.489", "T": 1773237653493}}}
{"local_ts": 1773237653924, "server_ts": 1773237653731, "data": {"e": "forceOrder", "E": 1773237653731, "o": {"s": "ACXUSDT", "S": "BUY", "o": "LIMIT", "f": "IOC", "q": "2234.0", "p": "0.0415600", "ap": "0.0408156", "X": "FILLED", "l": "874.9", "z": "2234.0", "T": 1773237653729}}}
{"local_ts": 1773237655395, "server_ts": 1773237655154, "data": {"e": "forceOrder", "E": 1773237655154, "o": {"s": "龙虾USDT", "S": "SELL", "o": "LIMIT", "f": "IOC", "q": "40029", "p": "0.0148440", "ap": "0.0164568", "X": "FILLED", "l": "6302", "z": "40029", "T": 1773237655150}}}
{"local_ts": 1773237656736, "server_ts": 1773237656546, "data": {"e": "forceOrder", "E": 1773237656546, "o": {"s": "龙虾USDT", "S": "SELL", "o": "LIMIT", "f": "IOC", "q": "541", "p": "0.0148210", "ap": "0.0166040", "X": "FILLED", "l": "541", "z": "541", "T": 1773237656543}}}
{"local_ts": 1773237657781, "server_ts": 1773237657544, "data": {"e": "forceOrder", "E": 1773237657544, "o": {"s": "RESOLVUSDT", "S": "BUY", "o": "LIMIT", "f": "IOC", "q": "134", "p": "0.1248100", "ap": "0.1229600", "X": "FILLED", "l": "59", "z": "134", "T": 1773237657539}}}
{"local_ts": 1773237658876, "server_ts": 1773237658682, "data": {"e": "forceOrder", "E": 1773237658682, "o": {"s": "SOLUSDT", "S": "BUY", "o": "LIMIT", "f": "IOC", "q": "23.37", "p": "86.7900", "ap": "86.3800", "X": "FILLED", "l": "23.37", "z": "23.37", "T": 1773237658679}}}
{"local_ts": 1773237659354, "server_ts": 1773237659141, "data": {"e": "forceOrder", "E": 1773237659141, "o": {"s": "ETHUSDT", "S": "BUY", "o": "LIMIT", "f": "IOC", "q": "0.036", "p": "2068.77", "ap": "2060.80", "X": "FILLED", "l": "0.036", "z": "0.036", "T": 1773237659137}}}
{"local_ts": 1773237659370, "server_ts": 1773237659174, "data": {"e": "forceOrder", "E": 1773237659174, "o": {"s": "BTCUSDT", "S": "BUY", "o": "LIMIT", "f": "IOC", "q": "0.002", "p": "70675.40", "ap": "70404.10", "X": "FILLED", "l": "0.002", "z": "0.002", "T": 1773237659170}}}
{"local_ts": 1773237660651, "server_ts": 1773237660452, "data": {"e": "forceOrder", "E": 1773237660452, "o": {"s": "RESOLVUSDT", "S": "BUY", "o": "LIMIT", "f": "IOC", "q": "1900", "p": "0.1249500", "ap": "0.1232572", "X": "FILLED", "l": "831", "z": "1900", "T": 1773237660449}}}
{"local_ts": 1773237660778, "server_ts": 1773237660582, "data": {"e": "forceOrder", "E": 1773237660582, "o": {"s": "BTCUSDT", "S": "BUY", "o": "LIMIT", "f": "IOC", "q": "0.009", "p": "70697.90", "ap": "70411.40", "X": "FILLED", "l": "0.009", "z": "0.009", "T": 1773237660579}}}
{"local_ts": 1773237660800, "server_ts": 1773237660606, "data": {"e": "forceOrder", "E": 1773237660606, "o": {"s": "ACXUSDT", "S": "SELL", "o": "LIMIT", "f": "IOC", "q": "489.8", "p": "0.0399900", "ap": "0.0399900", "X": "FILLED", "l": "489.8", "z": "489.8", "T": 1773237660603}}}
{"local_ts": 1773237661420, "server_ts": 1773237661227, "data": {"e": "forceOrder", "E": 1773237661227, "o": {"s": "1000PEPEUSDT", "S": "BUY", "o": "LIMIT", "f": "IOC", "q": "84636", "p": "0.0033776", "ap": "0.0033576", "X": "FILLED", "l": "84636", "z": "84636", "T": 1773237661224}}}
{"local_ts": 1773237661486, "server_ts": 1773237661293, "data": {"e": "forceOrder", "E": 1773237661293, "o": {"s": "DOGEUSDT", "S": "BUY", "o": "LIMIT", "f": "IOC", "q": "58125", "p": "0.094100", "ap": "0.093500", "X": "FILLED", "l": "29049", "z": "58125", "T": 1773237661291}}}
{"local_ts": 1773237661777, "server_ts": 1773237661586, "data": {"e": "forceOrder", "E": 1773237661586, "o": {"s": "FIGHTUSDT", "S": "BUY", "o": "LIMIT", "f": "IOC", "q": "17268", "p": "0.0046060", "ap": "0.0044911", "X": "FILLED", "l": "3244", "z": "17268", "T": 1773237661582}}}
{"local_ts": 1773237661841, "server_ts": 1773237661643, "data": {"e": "forceOrder", "E": 1773237661643, "o": {"s": "SOLUSDT", "S": "BUY", "o": "LIMIT", "f": "IOC", "q": "0.10", "p": "86.8300", "ap": "86.4100", "X": "FILLED", "l": "0.10", "z": "0.10", "T": 1773237661639}}}
{"local_ts": 1773237662648, "server_ts": 1773237662442, "data": {"e": "forceOrder", "E": 1773237662442, "o": {"s": "RESOLVUSDT", "S": "BUY", "o": "LIMIT", "f": "IOC", "q": "17823", "p": "0.1250600", "ap": "0.1232278", "X": "FILLED", "l": "84", "z": "17823", "T": 1773237662439}}}
{"local_ts": 1773237662648, "server_ts": 1773237662450, "data": {"e": "forceOrder", "E": 1773237662450, "o": {"s": "BTCUSDT", "S": "BUY", "o": "LIMIT", "f": "IOC", "q": "0.002", "p": "70699.20", "ap": "70392.00", "X": "FILLED", "l": "0.002", "z": "0.002", "T": 1773237662447}}}
{"local_ts": 1773237662804, "server_ts": 1773237662563, "data": {"e": "forceOrder", "E": 1773237662563, "o": {"s": "ETHUSDT", "S": "BUY", "o": "LIMIT", "f": "IOC", "q": "0.750", "p": "2069.86", "ap": "2061.31", "X": "FILLED", "l": "0.750", "z": "0.750", "T": 1773237662561}}}
{"local_ts": 1773237663444, "server_ts": 1773237663252, "data": {"e": "forceOrder", "E": 1773237663252, "o": {"s": "ACXUSDT", "S": "SELL", "o": "LIMIT", "f": "IOC", "q": "3666.7", "p": "0.0392100", "ap": "0.0393100", "X": "FILLED", "l": "3666.7", "z": "3666.7", "T": 1773237663249}}}
{"local_ts": 1773237663824, "server_ts": 1773237663633, "data": {"e": "forceOrder", "E": 1773237663633, "o": {"s": "ETHUSDC", "S": "BUY", "o": "LIMIT", "f": "IOC", "q": "0.065", "p": "2069.65", "ap": "2061.75", "X": "FILLED", "l": "0.065", "z": "0.065", "T": 1773237663630}}}
{"local_ts": 1773237664767, "server_ts": 1773237664574, "data": {"e": "forceOrder", "E": 1773237664574, "o": {"s": "XRPUSDC", "S": "BUY", "o": "LIMIT", "f": "IOC", "q": "14.7", "p": "1.4047", "ap": "1.3978", "X": "FILLED", "l": "14.7", "z": "14.7", "T": 1773237664571}}}
{"local_ts": 1773237664867, "server_ts": 1773237664674, "data": {"e": "forceOrder", "E": 1773237664674, "o": {"s": "ACXUSDT", "S": "SELL", "o": "LIMIT", "f": "IOC", "q": "1241.2", "p": "0.0391000", "ap": "0.0393732", "X": "FILLED", "l": "404.6", "z": "1241.2", "T": 1773237664670}}}
{"local_ts": 1773237664903, "server_ts": 1773237664710, "data": {"e": "forceOrder", "E": 1773237664710, "o": {"s": "XAIUSDT", "S": "SELL", "o": "LIMIT", "f": "IOC", "q": "42301", "p": "0.0128600", "ap": "0.0130584", "X": "FILLED", "l": "6733", "z": "42301", "T": 1773237664708}}}
{"local_ts": 1773237667648, "server_ts": 1773237667452, "data": {"e": "forceOrder", "E": 1773237667452, "o": {"s": "COMPUSDT", "S": "BUY", "o": "LIMIT", "f": "IOC", "q": "24.422", "p": "19.21", "ap": "19.00", "X": "FILLED", "l": "2.135", "z": "24.422", "T": 1773237667450}}}
{"local_ts": 1773237670524, "server_ts": 1773237670331, "data": {"e": "forceOrder", "E": 1773237670331, "o": {"s": "TSLAUSDT", "S": "BUY", "o": "LIMIT", "f": "IOC", "q": "0.04", "p": "436.14971", "ap": "415.79000", "X": "FILLED", "l": "0.04", "z": "0.04", "T": 1773237670328}}}
{"local_ts": 1773237671595, "server_ts": 1773237671402, "data": {"e": "forceOrder", "E": 1773237671402, "o": {"s": "ACXUSDT", "S": "BUY", "o": "LIMIT", "f": "IOC", "q": "12231.3", "p": "0.0412700", "ap": "0.0406675", "X": "FILLED", "l": "262.1", "z": "12231.3", "T": 1773237671399}}}
{"local_ts": 1773237673454, "server_ts": 1773237673259, "data": {"e": "forceOrder", "E": 1773237673259, "o": {"s": "ACXUSDT", "S": "BUY", "o": "LIMIT", "f": "IOC", "q": "1225.2", "p": "0.0411900", "ap": "0.0407400", "X": "FILLED", "l": "1225.2", "z": "1225.2", "T": 1773237673255}}}
{"local_ts": 1773237674719, "server_ts": 1773237674522, "data": {"e": "forceOrder", "E": 1773237674522, "o": {"s": "BTCUSDT", "S": "BUY", "o": "LIMIT", "f": "IOC", "q": "0.070", "p": "70715.50", "ap": "70450.00", "X": "FILLED", "l": "0.070", "z": "0.070", "T": 1773237674520}}}
{"local_ts": 1773237675122, "server_ts": 1773237674928, "data": {"e": "forceOrder", "E": 1773237674928, "o": {"s": "TRXUSDT", "S": "BUY", "o": "LIMIT", "f": "IOC", "q": "89", "p": "0.29131", "ap": "0.28953", "X": "FILLED", "l": "89", "z": "89", "T": 1773237674925}}}
{"local_ts": 1773237675287, "server_ts": 1773237675078, "data": {"e": "forceOrder", "E": 1773237675078, "o": {"s": "ETHUSDT", "S": "BUY", "o": "LIMIT", "f": "IOC", "q": "2.449", "p": "2069.99", "ap": "2062.84", "X": "FILLED", "l": "2.449", "z": "2.449", "T": 1773237675074}}}
{"local_ts": 1773237675919, "server_ts": 1773237675723, "data": {"e": "forceOrder", "E": 1773237675723, "o": {"s": "BTCUSDT", "S": "BUY", "o": "LIMIT", "f": "IOC", "q": "0.010", "p": "70726.60", "ap": "70446.60", "X": "FILLED", "l": "0.010", "z": "0.010", "T": 1773237675720}}}
{"local_ts": 1773237675994, "server_ts": 1773237675793, "data": {"e": "forceOrder", "E": 1773237675793, "o": {"s": "SOLUSDT", "S": "BUY", "o": "LIMIT", "f": "IOC", "q": "0.68", "p": "86.8400", "ap": "86.3900", "X": "FILLED", "l": "0.68", "z": "0.68", "T": 1773237675790}}}
{"local_ts": 1773237677186, "server_ts": 1773237676993, "data": {"e": "forceOrder", "E": 1773237676993, "o": {"s": "ETHUSDT", "S": "BUY", "o": "LIMIT", "f": "IOC", "q": "4.050", "p": "2070.66", "ap": "2063.89", "X": "FILLED", "l": "0.486", "z": "4.050", "T": 1773237676990}}}
{"local_ts": 1773237677453, "server_ts": 1773237677259, "data": {"e": "forceOrder", "E": 1773237677259, "o": {"s": "TONUSDT", "S": "BUY", "o": "LIMIT", "f": "IOC", "q": "554.0", "p": "1.3253000", "ap": "1.3125976", "X": "FILLED", "l": "161.6", "z": "554.0", "T": 1773237677257}}}
{"local_ts": 1773237677847, "server_ts": 1773237677646, "data": {"e": "forceOrder", "E": 1773237677646, "o": {"s": "BTCUSDT", "S": "BUY", "o": "LIMIT", "f": "IOC", "q": "0.007", "p": "70737.10", "ap": "70484.60", "X": "FILLED", "l": "0.007", "z": "0.007", "T": 1773237677645}}}
{"local_ts": 1773237677870, "server_ts": 1773237677671, "data": {"e": "forceOrder", "E": 1773237677671, "o": {"s": "COPPERUSDT", "S": "BUY", "o": "LIMIT", "f": "IOC", "q": "6.4", "p": "5.93600", "ap": "5.90800", "X": "FILLED", "l": "4.4", "z": "6.4", "T": 1773237677667}}}
{"local_ts": 1773237678678, "server_ts": 1773237678480, "data": {"e": "forceOrder", "E": 1773237678480, "o": {"s": "SOLUSDT", "S": "BUY", "o": "LIMIT", "f": "IOC", "q": "0.40", "p": "86.8600", "ap": "86.4300", "X": "FILLED", "l": "0.40", "z": "0.40", "T": 1773237678477}}}
{"local_ts": 1773237679128, "server_ts": 1773237678933, "data": {"e": "forceOrder", "E": 1773237678933, "o": {"s": "BTCUSDC", "S": "BUY", "o": "LIMIT", "f": "IOC", "q": "0.006", "p": "70739.5", "ap": "70459.1", "X": "FILLED", "l": "0.006", "z": "0.006", "T": 1773237678929}}}
{"local_ts": 1773237679535, "server_ts": 1773237679342, "data": {"e": "forceOrder", "E": 1773237679342, "o": {"s": "COPPERUSDT", "S": "BUY", "o": "LIMIT", "f": "IOC", "q": "4.4", "p": "5.93800", "ap": "5.91000", "X": "FILLED", "l": "4.4", "z": "4.4", "T": 1773237679338}}}
{"local_ts": 1773237679807, "server_ts": 1773237679605, "data": {"e": "forceOrder", "E": 1773237679605, "o": {"s": "ETHUSDT", "S": "BUY", "o": "LIMIT", "f": "IOC", "q": "1.059", "p": "2071.88", "ap": "2064.01", "X": "FILLED", "l": "1.059", "z": "1.059", "T": 1773237679601}}}
{"local_ts": 1773237680196, "server_ts": 1773237680000, "data": {"e": "forceOrder", "E": 1773237680000, "o": {"s": "ETHUSDC", "S": "BUY", "o": "LIMIT", "f": "IOC", "q": "1.941", "p": "2071.27", "ap": "2063.29", "X": "FILLED", "l": "0.671", "z": "1.941", "T": 1773237679997}}}
{"local_ts": 1773237681713, "server_ts": 1773237681519, "data": {"e": "forceOrder", "E": 1773237681519, "o": {"s": "ROBOUSDT", "S": "BUY", "o": "LIMIT", "f": "IOC", "q": "1896", "p": "0.0404900", "ap": "0.0398800", "X": "FILLED", "l": "99", "z": "1896", "T": 1773237681515}}}
{"local_ts": 1773237682156, "server_ts": 1773237681963, "data": {"e": "forceOrder", "E": 1773237681963, "o": {"s": "TSLAUSDT", "S": "BUY", "o": "LIMIT", "f": "IOC", "q": "0.28", "p": "436.99000", "ap": "416.41000", "X": "FILLED", "l": "0.28", "z": "0.28", "T": 1773237681960}}}
{"local_ts": 1773237685166, "server_ts": 1773237684969, "data": {"e": "forceOrder", "E": 1773237684969, "o": {"s": "RONINUSDT", "S": "SELL", "o": "LIMIT", "f": "IOC", "q": "1363.4", "p": "0.110600", "ap": "0.111500", "X": "FILLED", "l": "1363.4", "z": "1363.4", "T": 1773237684967}}}
{"local_ts": 1773237686322, "server_ts": 1773237686118, "data": {"e": "forceOrder", "E": 1773237686118, "o": {"s": "RONINUSDT", "S": "SELL", "o": "LIMIT", "f": "IOC", "q": "2476.1", "p": "0.110500", "ap": "0.111400", "X": "FILLED", "l": "2476.1", "z": "2476.1", "T": 1773237686113}}}
{"local_ts": 1773237691290, "server_ts": 1773237691097, "data": {"e": "forceOrder", "E": 1773237691097, "o": {"s": "ACXUSDT", "S": "SELL", "o": "LIMIT", "f": "IOC", "q": "3214.7", "p": "0.0396900", "ap": "0.0402700", "X": "FILLED", "l": "465.0", "z": "3214.7", "T": 1773237691093}}}
{"local_ts": 1773237691325, "server_ts": 1773237691128, "data": {"e": "forceOrder", "E": 1773237691128, "o": {"s": "RONINUSDT", "S": "SELL", "o": "LIMIT", "f": "IOC", "q": "26725.2", "p": "0.109900", "ap": "0.111140", "X": "FILLED", "l": "1242.9", "z": "26725.2", "T": 1773237691126}}}
{"local_ts": 1773237691677, "server_ts": 1773237691483, "data": {"e": "forceOrder", "E": 1773237691483, "o": {"s": "PIXELUSDT", "S": "SELL", "o": "LIMIT", "f": "IOC", "q": "1910", "p": "0.0142590", "ap": "0.0144290", "X": "FILLED", "l": "1528", "z": "1910", "T": 1773237691481}}}
{"local_ts": 1773237694051, "server_ts": 1773237693854, "data": {"e": "forceOrder", "E": 1773237693854, "o": {"s": "PIXELUSDT", "S": "SELL", "o": "LIMIT", "f": "IOC", "q": "29425", "p": "0.0142170", "ap": "0.0144279", "X": "FILLED", "l": "2238", "z": "29425", "T": 1773237693852}}}
{"local_ts": 1773237698365, "server_ts": 1773237698172, "data": {"e": "forceOrder", "E": 1773237698172, "o": {"s": "ACXUSDT", "S": "BUY", "o": "LIMIT", "f": "IOC", "q": "2030.0", "p": "0.0417800", "ap": "0.0417800", "X": "FILLED", "l": "2030.0", "z": "2030.0", "T": 1773237698170}}}
{"local_ts": 1773237699546, "server_ts": 1773237699355, "data": {"e": "forceOrder", "E": 1773237699355, "o": {"s": "ACXUSDT", "S": "BUY", "o": "LIMIT", "f": "IOC", "q": "1929.0", "p": "0.0419100", "ap": "0.0419100", "X": "FILLED", "l": "1929.0", "z": "1929.0", "T": 1773237699353}}}
{"local_ts": 1773237700615, "server_ts": 1773237700419, "data": {"e": "forceOrder", "E": 1773237700419, "o": {"s": "PIXELUSDT", "S": "SELL", "o": "LIMIT", "f": "IOC", "q": "32022", "p": "0.0141980", "ap": "0.0144458", "X": "FILLED", "l": "12691", "z": "32022", "T": 1773237700416}}}
{"local_ts": 1773237700993, "server_ts": 1773237700797, "data": {"e": "forceOrder", "E": 1773237700797, "o": {"s": "ACXUSDT", "S": "BUY", "o": "LIMIT", "f": "IOC", "q": "2813.0", "p": "0.0428400", "ap": "0.0423764", "X": "FILLED", "l": "2565.1", "z": "2813.0", "T": 1773237700795}}}
{"local_ts": 1773237702836, "server_ts": 1773237702640, "data": {"e": "forceOrder", "E": 1773237702640, "o": {"s": "PLAYUSDT", "S": "BUY", "o": "LIMIT", "f": "IOC", "q": "6058", "p": "0.0415100", "ap": "0.0409974", "X": "FILLED", "l": "4653", "z": "6058", "T": 1773237702637}}}
{"local_ts": 1773237707568, "server_ts": 1773237707375, "data": {"e": "forceOrder", "E": 1773237707375, "o": {"s": "ACXUSDT", "S": "BUY", "o": "LIMIT", "f": "IOC", "q": "715.3", "p": "0.0427400", "ap": "0.0420000", "X": "FILLED", "l": "715.3", "z": "715.3", "T": 1773237707372}}}
{"local_ts": 1773237711809, "server_ts": 1773237711614, "data": {"e": "forceOrder", "E": 1773237711614, "o": {"s": "ACXUSDT", "S": "BUY", "o": "LIMIT", "f": "IOC", "q": "75442.8", "p": "0.0428900", "ap": "0.0428900", "X": "FILLED", "l": "75442.8", "z": "75442.8", "T": 1773237711612}}}
{"local_ts": 1773237713300, "server_ts": 1773237713111, "data": {"e": "forceOrder", "E": 1773237713111, "o": {"s": "ACXUSDT", "S": "BUY", "o": "LIMIT", "f": "IOC", "q": "3499.0", "p": "0.0434300", "ap": "0.0432900", "X": "FILLED", "l": "3499.0", "z": "3499.0", "T": 1773237713108}}}
{"local_ts": 1773237713736, "server_ts": 1773237713539, "data": {"e": "forceOrder", "E": 1773237713539, "o": {"s": "ETHUSDT", "S": "SELL", "o": "LIMIT", "f": "IOC", "q": "1.596", "p": "2049.33", "ap": "2055.00", "X": "FILLED", "l": "1.596", "z": "1.596", "T": 1773237713536}}}
{"local_ts": 1773237714522, "server_ts": 1773237714329, "data": {"e": "forceOrder", "E": 1773237714329, "o": {"s": "BTCUSDT", "S": "SELL", "o": "LIMIT", "f": "IOC", "q": "0.120", "p": "69991.10", "ap": "70223.50", "X": "FILLED", "l": "0.021", "z": "0.120", "T": 1773237714325}}}
{"local_ts": 1773237714791, "server_ts": 1773237714598, "data": {"e": "forceOrder", "E": 1773237714598, "o": {"s": "ETHUSDT", "S": "SELL", "o": "LIMIT", "f": "IOC", "q": "1.363", "p": "2048.42", "ap": "2055.80", "X": "FILLED", "l": "1.363", "z": "1.363", "T": 1773237714595}}}
{"local_ts": 1773237714869, "server_ts": 1773237714678, "data": {"e": "forceOrder", "E": 1773237714678, "o": {"s": "COLLECTUSDT", "S": "SELL", "o": "LIMIT", "f": "IOC", "q": "3271", "p": "0.0580300", "ap": "0.0594890", "X": "FILLED", "l": "1289", "z": "3271", "T": 1773237714675}}}
{"local_ts": 1773237716506, "server_ts": 1773237716314, "data": {"e": "forceOrder", "E": 1773237716314, "o": {"s": "FOLKSUSDT", "S": "BUY", "o": "LIMIT", "f": "IOC", "q": "85.3", "p": "1.332000", "ap": "1.316000", "X": "FILLED", "l": "5.7", "z": "85.3", "T": 1773237716311}}}
{"local_ts": 1773237717001, "server_ts": 1773237716810, "data": {"e": "forceOrder", "E": 1773237716810, "o": {"s": "ACXUSDT", "S": "BUY", "o": "LIMIT", "f": "IOC", "q": "2716.0", "p": "0.0438400", "ap": "0.0423638", "X": "FILLED", "l": "118.4", "z": "2716.0", "T": 1773237716807}}}
{"local_ts": 1773237717421, "server_ts": 1773237717230, "data": {"e": "forceOrder", "E": 1773237717230, "o": {"s": "COLLECTUSDT", "S": "SELL", "o": "LIMIT", "f": "IOC", "q": "35620", "p": "0.0580100", "ap": "0.0590117", "X": "FILLED", "l": "452", "z": "35620", "T": 1773237717227}}}
{"local_ts": 1773237717425, "server_ts": 1773237717234, "data": {"e": "forceOrder", "E": 1773237717234, "o": {"s": "BTCUSDT", "S": "SELL", "o": "LIMIT", "f": "IOC", "q": "0.005", "p": "69968.40", "ap": "70193.30", "X": "FILLED", "l": "0.005", "z": "0.005", "T": 1773237717232}}}
{"local_ts": 1773237717520, "server_ts": 1773237717330, "data": {"e": "forceOrder", "E": 1773237717330, "o": {"s": "FOLKSUSDT", "S": "BUY", "o": "LIMIT", "f": "IOC", "q": "24.0", "p": "1.333000", "ap": "1.317000", "X": "FILLED", "l": "24.0", "z": "24.0", "T": 1773237717326}}}
{"local_ts": 1773237717603, "server_ts": 1773237717411, "data": {"e": "forceOrder", "E": 1773237717411, "o": {"s": "ETHUSDT", "S": "SELL", "o": "LIMIT", "f": "IOC", "q": "1.000", "p": "2047.56", "ap": "2054.17", "X": "FILLED", "l": "0.902", "z": "1.000", "T": 1773237717409}}}
{"local_ts": 1773237717981, "server_ts": 1773237717789, "data": {"e": "forceOrder", "E": 1773237717789, "o": {"s": "PIXELUSDT", "S": "SELL", "o": "LIMIT", "f": "IOC", "q": "30000", "p": "0.0143020", "ap": "0.0145257", "X": "FILLED", "l": "6053", "z": "30000", "T": 1773237717784}}}
{"local_ts": 1773237718660, "server_ts": 1773237718469, "data": {"e": "forceOrder", "E": 1773237718469, "o": {"s": "BTCUSDT", "S": "SELL", "o": "LIMIT", "f": "IOC", "q": "0.431", "p": "69958.80", "ap": "70184.10", "X": "FILLED", "l": "0.055", "z": "0.431", "T": 1773237718467}}}
{"local_ts": 1773237720139, "server_ts": 1773237719948, "data": {"e": "forceOrder", "E": 1773237719948, "o": {"s": "FOLKSUSDT", "S": "BUY", "o": "LIMIT", "f": "IOC", "q": "5.0", "p": "1.334000", "ap": "1.316000", "X": "FILLED", "l": "5.0", "z": "5.0", "T": 1773237719946}}}
{"local_ts": 1773237720915, "server_ts": 1773237720721, "data": {"e": "forceOrder", "E": 1773237720721, "o": {"s": "COLLECTUSDT", "S": "SELL", "o": "LIMIT", "f": "IOC", "q": "180", "p": "0.0576300", "ap": "0.0589100", "X": "FILLED", "l": "180", "z": "180", "T": 1773237720718}}}
{"local_ts": 1773237722495, "server_ts": 1773237722302, "data": {"e": "forceOrder", "E": 1773237722302, "o": {"s": "ETHUSDT", "S": "SELL", "o": "LIMIT", "f": "IOC", "q": "0.373", "p": "2046.57", "ap": "2055.10", "X": "FILLED", "l": "0.373", "z": "0.373", "T": 1773237722300}}}
{"local_ts": 1773237723808, "server_ts": 1773237723618, "data": {"e": "forceOrder", "E": 1773237723618, "o": {"s": "DASHUSDT", "S": "SELL", "o": "LIMIT", "f": "IOC", "q": "0.229", "p": "32.08", "ap": "32.38", "X": "FILLED", "l": "0.229", "z": "0.229", "T": 1773237723615}}}
{"local_ts": 1773237724671, "server_ts": 1773237724476, "data": {"e": "forceOrder", "E": 1773237724476, "o": {"s": "RONINUSDT", "S": "SELL", "o": "LIMIT", "f": "IOC", "q": "2152.5", "p": "0.109700", "ap": "0.110600", "X": "FILLED", "l": "510.0", "z": "2152.5", "T": 1773237724474}}}
{"local_ts": 1773237724777, "server_ts": 1773237724585, "data": {"e": "forceOrder", "E": 1773237724585, "o": {"s": "COLLECTUSDT", "S": "SELL", "o": "LIMIT", "f": "IOC", "q": "12094", "p": "0.0575900", "ap": "0.0587873", "X": "FILLED", "l": "240", "z": "12094", "T": 1773237724582}}}
{"local_ts": 1773237724778, "server_ts": 1773237724585, "data": {"e": "forceOrder", "E": 1773237724585, "o": {"s": "ATOMUSDT", "S": "SELL", "o": "LIMIT", "f": "IOC", "q": "159.95", "p": "1.819", "ap": "1.828", "X": "FILLED", "l": "107.19", "z": "159.95", "T": 1773237724582}}}
{"local_ts": 1773237724865, "server_ts": 1773237724672, "data": {"e": "forceOrder", "E": 1773237724672, "o": {"s": "PIXELUSDT", "S": "BUY", "o": "LIMIT", "f": "IOC", "q": "18502", "p": "0.0147690", "ap": "0.0145510", "X": "FILLED", "l": "11500", "z": "18502", "T": 1773237724670}}}
{"local_ts": 1773237725836, "server_ts": 1773237725645, "data": {"e": "forceOrder", "E": 1773237725645, "o": {"s": "COLLECTUSDT", "S": "SELL", "o": "LIMIT", "f": "IOC", "q": "1019", "p": "0.0574500", "ap": "0.0589600", "X": "FILLED", "l": "1019", "z": "1019", "T": 1773237725643}}}
{"local_ts": 1773237730350, "server_ts": 1773237730157, "data": {"e": "forceOrder", "E": 1773237730157, "o": {"s": "ETHUSDT", "S": "SELL", "o": "LIMIT", "f": "IOC", "q": "2.971", "p": "2045.98", "ap": "2055.38", "X": "FILLED", "l": "2.971", "z": "2.971", "T": 1773237730154}}}
{"local_ts": 1773237730414, "server_ts": 1773237730222, "data": {"e": "forceOrder", "E": 1773237730222, "o": {"s": "BTCUSDT", "S": "SELL", "o": "LIMIT", "f": "IOC", "q": "0.049", "p": "69891.90", "ap": "70246.30", "X": "FILLED", "l": "0.049", "z": "0.049", "T": 1773237730219}}}
{"local_ts": 1773237731539, "server_ts": 1773237731329, "data": {"e": "forceOrder", "E": 1773237731329, "o": {"s": "CRCLUSDT", "S": "SELL", "o": "LIMIT", "f": "IOC", "q": "3.45", "p": "110.72000", "ap": "116.38000", "X": "FILLED", "l": "3.45", "z": "3.45", "T": 1773237731326}}}
{"local_ts": 1773237732388, "server_ts": 1773237732197, "data": {"e": "forceOrder", "E": 1773237732197, "o": {"s": "RIVERUSDT", "S": "SELL", "o": "LIMIT", "f": "IOC", "q": "2.0", "p": "14.927000", "ap": "15.107000", "X": "FILLED", "l": "2.0", "z": "2.0", "T": 1773237732194}}}
{"local_ts": 1773237733214, "server_ts": 1773237732987, "data": {"e": "forceOrder", "E": 1773237732987, "o": {"s": "CRCLUSDT", "S": "SELL", "o": "LIMIT", "f": "IOC", "q": "0.10", "p": "110.67000", "ap": "116.45000", "X": "FILLED", "l": "0.10", "z": "0.10", "T": 1773237732983}}}
{"local_ts": 1773237733789, "server_ts": 1773237733598, "data": {"e": "forceOrder", "E": 1773237733598, "o": {"s": "RIVERUSDT", "S": "SELL", "o": "LIMIT", "f": "IOC", "q": "0.4", "p": "14.898000", "ap": "15.111000", "X": "FILLED", "l": "0.4", "z": "0.4", "T": 1773237733596}}}
{"local_ts": 1773237738432, "server_ts": 1773237738240, "data": {"e": "forceOrder", "E": 1773237738240, "o": {"s": "AIUSDT", "S": "SELL", "o": "LIMIT", "f": "IOC", "q": "367", "p": "0.022840", "ap": "0.023420", "X": "FILLED", "l": "367", "z": "367", "T": 1773237738238}}}
{"local_ts": 1773237739356, "server_ts": 1773237739164, "data": {"e": "forceOrder", "E": 1773237739164, "o": {"s": "BTCUSDT", "S": "BUY", "o": "LIMIT", "f": "IOC", "q": "0.005", "p": "70641.30", "ap": "70351.30", "X": "FILLED", "l": "0.005", "z": "0.005", "T": 1773237739161}}}
{"local_ts": 1773237741402, "server_ts": 1773237741210, "data": {"e": "forceOrder", "E": 1773237741210, "o": {"s": "BTCUSDT", "S": "BUY", "o": "LIMIT", "f": "IOC", "q": "0.012", "p": "70691.40", "ap": "70410.00", "X": "FILLED", "l": "0.012", "z": "0.012", "T": 1773237741208}}}
{"local_ts": 1773237741843, "server_ts": 1773237741653, "data": {"e": "forceOrder", "E": 1773237741653, "o": {"s": "ACXUSDT", "S": "SELL", "o": "LIMIT", "f": "IOC", "q": "127.4", "p": "0.0412300", "ap": "0.0412300", "X": "FILLED", "l": "127.4", "z": "127.4", "T": 1773237741649}}}
{"local_ts": 1773237742279, "server_ts": 1773237742085, "data": {"e": "forceOrder", "E": 1773237742085, "o": {"s": "FILUSDT", "S": "BUY", "o": "LIMIT", "f": "IOC", "q": "554.7", "p": "0.907", "ap": "0.902", "X": "FILLED", "l": "554.7", "z": "554.7", "T": 1773237742081}}}
{"local_ts": 1773237744611, "server_ts": 1773237744414, "data": {"e": "forceOrder", "E": 1773237744414, "o": {"s": "BTCUSDT", "S": "BUY", "o": "LIMIT", "f": "IOC", "q": "0.291", "p": "70729.20", "ap": "70524.90", "X": "FILLED", "l": "0.291", "z": "0.291", "T": 1773237744410}}}
{"local_ts": 1773237744636, "server_ts": 1773237744443, "data": {"e": "forceOrder", "E": 1773237744443, "o": {"s": "ETHUSDT", "S": "BUY", "o": "LIMIT", "f": "IOC", "q": "145.455", "p": "2067.76", "ap": "2060.96", "X": "FILLED", "l": "1.105", "z": "145.455", "T": 1773237744438}}}
{"local_ts": 1773237744906, "server_ts": 1773237744712, "data": {"e": "forceOrder", "E": 1773237744712, "o": {"s": "ARIAUSDT", "S": "BUY", "o": "LIMIT", "f": "IOC", "q": "345", "p": "0.1520600", "ap": "0.1511900", "X": "FILLED", "l": "345", "z": "345", "T": 1773237744707}}}
{"local_ts": 1773237745448, "server_ts": 1773237745254, "data": {"e": "forceOrder", "E": 1773237745254, "o": {"s": "HUMAUSDT", "S": "BUY", "o": "LIMIT", "f": "IOC", "q": "38928", "p": "0.0205660", "ap": "0.0203885", "X": "FILLED", "l": "681", "z": "38928", "T": 1773237745250}}}
{"local_ts": 1773237745666, "server_ts": 1773237745473, "data": {"e": "forceOrder", "E": 1773237745473, "o": {"s": "BTCUSDT", "S": "BUY", "o": "LIMIT", "f": "IOC", "q": "0.007", "p": "70761.20", "ap": "70525.50", "X": "FILLED", "l": "0.007", "z": "0.007", "T": 1773237745470}}}
{"local_ts": 1773237745745, "server_ts": 1773237745555, "data": {"e": "forceOrder", "E": 1773237745555, "o": {"s": "ETHUSDT", "S": "BUY", "o": "LIMIT", "f": "IOC", "q": "0.275", "p": "2068.82", "ap": "2060.97", "X": "FILLED", "l": "0.275", "z": "0.275", "T": 1773237745551}}}
{"local_ts": 1773237746370, "server_ts": 1773237746177, "data": {"e": "forceOrder", "E": 1773237746177, "o": {"s": "ZECUSDT", "S": "BUY", "o": "LIMIT", "f": "IOC", "q": "3.462", "p": "217.37", "ap": "215.40", "X": "FILLED", "l": "0.263", "z": "3.462", "T": 1773237746173}}}
{"local_ts": 1773237747590, "server_ts": 1773237747382, "data": {"e": "forceOrder", "E": 1773237747382, "o": {"s": "BTCUSDT", "S": "BUY", "o": "LIMIT", "f": "IOC", "q": "0.053", "p": "70786.00", "ap": "70526.90", "X": "FILLED", "l": "0.053", "z": "0.053", "T": 1773237747379}}}
{"local_ts": 1773237748290, "server_ts": 1773237748098, "data": {"e": "forceOrder", "E": 1773237748098, "o": {"s": "ARIAUSDT", "S": "BUY", "o": "LIMIT", "f": "IOC", "q": "4142", "p": "0.1529700", "ap": "0.1511825", "X": "FILLED", "l": "12", "z": "4142", "T": 1773237748096}}}
{"local_ts": 1773237748290, "server_ts": 1773237748098, "data": {"e": "forceOrder", "E": 1773237748098, "o": {"s": "BANANAS31USDT", "S": "BUY", "o": "LIMIT", "f": "IOC", "q": "17501", "p": "0.0077170", "ap": "0.0076165", "X": "FILLED", "l": "253", "z": "17501", "T": 1773237748096}}}
{"local_ts": 1773237748694, "server_ts": 1773237748504, "data": {"e": "forceOrder", "E": 1773237748504, "o": {"s": "BTCUSDT", "S": "BUY", "o": "LIMIT", "f": "IOC", "q": "0.024", "p": "70821.50", "ap": "70531.40", "X": "FILLED", "l": "0.024", "z": "0.024", "T": 1773237748501}}}
{"local_ts": 1773237748860, "server_ts": 1773237748666, "data": {"e": "forceOrder", "E": 1773237748666, "o": {"s": "ADAUSDT", "S": "BUY", "o": "LIMIT", "f": "IOC", "q": "83", "p": "0.26610", "ap": "0.26480", "X": "FILLED", "l": "44", "z": "83", "T": 1773237748663}}}
{"local_ts": 1773237748892, "server_ts": 1773237748701, "data": {"e": "forceOrder", "E": 1773237748701, "o": {"s": "NAORISUSDT", "S": "BUY", "o": "LIMIT", "f": "IOC", "q": "38935", "p": "0.0626500", "ap": "0.0614150", "X": "FILLED", "l": "1599", "z": "38935", "T": 1773237748698}}}
{"local_ts": 1773237749820, "server_ts": 1773237749627, "data": {"e": "forceOrder", "E": 1773237749627, "o": {"s": "ARIAUSDT", "S": "BUY", "o": "LIMIT", "f": "IOC", "q": "9853", "p": "0.1534400", "ap": "0.1514340", "X": "FILLED", "l": "544", "z": "9853", "T": 1773237749624}}}
{"local_ts": 1773237750320, "server_ts": 1773237750129, "data": {"e": "forceOrder", "E": 1773237750129, "o": {"s": "NAORISUSDT", "S": "BUY", "o": "LIMIT", "f": "IOC", "q": "3948", "p": "0.0628300", "ap": "0.0617917", "X": "FILLED", "l": "1468", "z": "3948", "T": 1773237750126}}}
{"local_ts": 1773237750803, "server_ts": 1773237750613, "data": {"e": "forceOrder", "E": 1773237750613, "o": {"s": "AKTUSDT", "S": "BUY", "o": "LIMIT", "f": "IOC", "q": "3476.2", "p": "0.4501000", "ap": "0.4442868", "X": "FILLED", "l": "595.5", "z": "3476.2", "T": 1773237750610}}}
{"local_ts": 1773237751800, "server_ts": 1773237751605, "data": {"e": "forceOrder", "E": 1773237751605, "o": {"s": "ARIAUSDT", "S": "BUY", "o": "LIMIT", "f": "IOC", "q": "21609", "p": "0.1535226", "ap": "0.1517483", "X": "FILLED", "l": "1084", "z": "21609", "T": 1773237751600}}}
{"local_ts": 1773237752933, "server_ts": 1773237752740, "data": {"e": "forceOrder", "E": 1773237752740, "o": {"s": "ACXUSDT", "S": "SELL", "o": "LIMIT", "f": "IOC", "q": "16356.8", "p": "0.0403800", "ap": "0.0411297", "X": "FILLED", "l": "1797.2", "z": "16356.8", "T": 1773237752736}}}
{"local_ts": 1773237754359, "server_ts": 1773237754167, "data": {"e": "forceOrder", "E": 1773237754167, "o": {"s": "BTCUSDT", "S": "BUY", "o": "LIMIT", "f": "IOC", "q": "0.015", "p": "70827.20", "ap": "70586.90", "X": "FILLED", "l": "0.015", "z": "0.015", "T": 1773237754165}}}
{"local_ts": 1773237755039, "server_ts": 1773237754837, "data": {"e": "forceOrder", "E": 1773237754837, "o": {"s": "ZECUSDT", "S": "BUY", "o": "LIMIT", "f": "IOC", "q": "14.832", "p": "217.67", "ap": "215.58", "X": "FILLED", "l": "0.675", "z": "14.832", "T": 1773237754833}}}
{"local_ts": 1773237755365, "server_ts": 1773237755174, "data": {"e": "forceOrder", "E": 1773237755174, "o": {"s": "BTCUSDT", "S": "BUY", "o": "LIMIT", "f": "IOC", "q": "0.122", "p": "70844.80", "ap": "70574.60", "X": "FILLED", "l": "0.122", "z": "0.122", "T": 1773237755171}}}
{"local_ts": 1773237756702, "server_ts": 1773237756510, "data": {"e": "forceOrder", "E": 1773237756510, "o": {"s": "ENAUSDT", "S": "BUY", "o": "LIMIT", "f": "IOC", "q": "30555", "p": "0.1068000", "ap": "0.1060000", "X": "FILLED", "l": "4666", "z": "30555", "T": 1773237756507}}}
{"local_ts": 1773237757635, "server_ts": 1773237757444, "data": {"e": "forceOrder", "E": 1773237757444, "o": {"s": "FIGHTUSDT", "S": "BUY", "o": "LIMIT", "f": "IOC", "q": "2498", "p": "0.0046140", "ap": "0.0045129", "X": "FILLED", "l": "1169", "z": "2498", "T": 1773237757442}}}
{"local_ts": 1773237758418, "server_ts": 1773237758225, "data": {"e": "forceOrder", "E": 1773237758225, "o": {"s": "BTCUSDT", "S": "BUY", "o": "LIMIT", "f": "IOC", "q": "0.003", "p": "70871.90", "ap": "70581.00", "X": "FILLED", "l": "0.001", "z": "0.003", "T": 1773237758223}}}
{"local_ts": 1773237758813, "server_ts": 1773237758611, "data": {"e": "forceOrder", "E": 1773237758611, "o": {"s": "ETHUSDT", "S": "BUY", "o": "LIMIT", "f": "IOC", "q": "387.999", "p": "2071.49", "ap": "2062.35", "X": "FILLED", "l": "8.060", "z": "387.999", "T": 1773237758603}}}
{"local_ts": 1773237758817, "server_ts": 1773237758611, "data": {"e": "forceOrder", "E": 1773237758611, "o": {"s": "HUMAUSDT", "S": "BUY", "o": "LIMIT", "f": "IOC", "q": "73970", "p": "0.0209950", "ap": "0.0204724", "X": "FILLED", "l": "4829", "z": "73970", "T": 1773237758604}}}
{"local_ts": 1773237759816, "server_ts": 1773237759587, "data": {"e": "forceOrder", "E": 1773237759587, "o": {"s": "VVVUSDT", "S": "BUY", "o": "LIMIT", "f": "IOC", "q": "33.47", "p": "5.752000", "ap": "5.629858", "X": "FILLED", "l": "21.08", "z": "33.47", "T": 1773237759583}}}
{"local_ts": 1773237759954, "server_ts": 1773237759754, "data": {"e": "forceOrder", "E": 1773237759754, "o": {"s": "XAIUSDT", "S": "BUY", "o": "LIMIT", "f": "IOC", "q": "14460", "p": "0.0134900", "ap": "0.0132000", "X": "FILLED", "l": "7587", "z": "14460", "T": 1773237759750}}}
{"local_ts": 1773237759962, "server_ts": 1773237759762, "data": {"e": "forceOrder", "E": 1773237759762, "o": {"s": "HUMAUSDT", "S": "BUY", "o": "LIMIT", "f": "IOC", "q": "84790", "p": "0.0209640", "ap": "0.0204961", "X": "FILLED", "l": "150", "z": "84790", "T": 1773237759757}}}
{"local_ts": 1773237761253, "server_ts": 1773237761061, "data": {"e": "forceOrder", "E": 1773237761061, "o": {"s": "HUMAUSDT", "S": "BUY", "o": "LIMIT", "f": "IOC", "q": "65621", "p": "0.0209780", "ap": "0.0204936", "X": "FILLED", "l": "768", "z": "65621", "T": 1773237761059}}}
{"local_ts": 1773237761361, "server_ts": 1773237761115, "data": {"e": "forceOrder", "E": 1773237761115, "o": {"s": "BTCUSDT", "S": "BUY", "o": "LIMIT", "f": "IOC", "q": "0.002", "p": "70890.10", "ap": "70649.60", "X": "FILLED", "l": "0.002", "z": "0.002", "T": 1773237761111}}}
{"local_ts": 1773237761392, "server_ts": 1773237761201, "data": {"e": "forceOrder", "E": 1773237761201, "o": {"s": "ADAUSDT", "S": "BUY", "o": "LIMIT", "f": "IOC", "q": "57", "p": "0.26650", "ap": "0.26530", "X": "FILLED", "l": "57", "z": "57", "T": 1773237761198}}}
{"local_ts": 1773237761682, "server_ts": 1773237761482, "data": {"e": "forceOrder", "E": 1773237761482, "o": {"s": "BTCUSDT_260626", "S": "BUY", "o": "LIMIT", "f": "IOC", "q": "0.002", "p": "71894.0", "ap": "71228.2", "X": "FILLED", "l": "0.002", "z": "0.002", "T": 1773237761480}}}
{"local_ts": 1773237761740, "server_ts": 1773237761545, "data": {"e": "forceOrder", "E": 1773237761545, "o": {"s": "ZROUSDT", "S": "BUY", "o": "LIMIT", "f": "IOC", "q": "487.8", "p": "2.0951000", "ap": "2.0742939", "X": "FILLED", "l": "246.4", "z": "487.8", "T": 1773237761542}}}
{"local_ts": 1773237761872, "server_ts": 1773237761679, "data": {"e": "forceOrder", "E": 1773237761679, "o": {"s": "GWEIUSDT", "S": "BUY", "o": "LIMIT", "f": "IOC", "q": "232", "p": "0.0577480", "ap": "0.0571640", "X": "FILLED", "l": "232", "z": "232", "T": 1773237761676}}}
{"local_ts": 1773237762396, "server_ts": 1773237762202, "data": {"e": "forceOrder", "E": 1773237762202, "o": {"s": "BTCUSDT", "S": "BUY", "o": "LIMIT", "f": "IOC", "q": "0.009", "p": "70911.30", "ap": "70652.70", "X": "FILLED", "l": "0.009", "z": "0.009", "T": 1773237762201}}}
{"local_ts": 1773237762625, "server_ts": 1773237762433, "data": {"e": "forceOrder", "E": 1773237762433, "o": {"s": "BTCUSDC", "S": "BUY", "o": "LIMIT", "f": "IOC", "q": "0.077", "p": "70915.9", "ap": "70652.1", "X": "FILLED", "l": "0.002", "z": "0.077", "T": 1773237762430}}}
{"local_ts": 1773237762759, "server_ts": 1773237762567, "data": {"e": "forceOrder", "E": 1773237762567, "o": {"s": "HUMAUSDT", "S": "BUY", "o": "LIMIT", "f": "IOC", "q": "14196", "p": "0.0207900", "ap": "0.0205836", "X": "FILLED", "l": "1862", "z": "14196", "T": 1773237762566}}}
{"local_ts": 1773237762760, "server_ts": 1773237762567, "data": {"e": "forceOrder", "E": 1773237762567, "o": {"s": "ACXUSDT", "S": "SELL", "o": "LIMIT", "f": "IOC", "q": "500.0", "p": "0.0406200", "ap": "0.0413151", "X": "FILLED", "l": "241.8", "z": "500.0", "T": 1773237762566}}}
{"local_ts": 1773237762840, "server_ts": 1773237762647, "data": {"e": "forceOrder", "E": 1773237762647, "o": {"s": "ETHUSDT", "S": "BUY", "o": "LIMIT", "f": "IOC", "q": "5.375", "p": "2071.43", "ap": "2063.28", "X": "FILLED", "l": "5.375", "z": "5.375", "T": 1773237762646}}}
{"local_ts": 1773237763481, "server_ts": 1773237763289, "data": {"e": "forceOrder", "E": 1773237763289, "o": {"s": "BTCUSDT", "S": "BUY", "o": "LIMIT", "f": "IOC", "q": "0.007", "p": "70927.00", "ap": "70659.20", "X": "FILLED", "l": "0.007", "z": "0.007", "T": 1773237763287}}}
{"local_ts": 1773237764263, "server_ts": 1773237764071, "data": {"e": "forceOrder", "E": 1773237764071, "o": {"s": "AIUSDT", "S": "SELL", "o": "LIMIT", "f": "IOC", "q": "3500", "p": "0.022840", "ap": "0.023425", "X": "FILLED", "l": "1560", "z": "3500", "T": 1773237764069}}}
{"local_ts": 1773237764553, "server_ts": 1773237764362, "data": {"e": "forceOrder", "E": 1773237764362, "o": {"s": "BTCUSDT", "S": "BUY", "o": "LIMIT", "f": "IOC", "q": "0.042", "p": "70929.80", "ap": "70630.10", "X": "FILLED", "l": "0.042", "z": "0.042", "T": 1773237764360}}}
{"local_ts": 1773237769425, "server_ts": 1773237769235, "data": {"e": "forceOrder", "E": 1773237769235, "o": {"s": "VVVUSDT", "S": "BUY", "o": "LIMIT", "f": "IOC", "q": "43.67", "p": "5.714000", "ap": "5.629000", "X": "FILLED", "l": "41.89", "z": "43.67", "T": 1773237769232}}}
{"local_ts": 1773237769490, "server_ts": 1773237769288, "data": {"e": "forceOrder", "E": 1773237769288, "o": {"s": "RIFUSDT", "S": "BUY", "o": "LIMIT", "f": "IOC", "q": "177", "p": "0.0374500", "ap": "0.0369200", "X": "FILLED", "l": "177", "z": "177", "T": 1773237769284}}}
{"local_ts": 1773237774519, "server_ts": 1773237774326, "data": {"e": "forceOrder", "E": 1773237774326, "o": {"s": "BTCUSDT", "S": "BUY", "o": "LIMIT", "f": "IOC", "q": "0.215", "p": "70936.80", "ap": "70678.80", "X": "FILLED", "l": "0.215", "z": "0.215", "T": 1773237774324}}}
{"local_ts": 1773237774627, "server_ts": 1773237774385, "data": {"e": "forceOrder", "E": 1773237774385, "o": {"s": "ETHUSDT", "S": "BUY", "o": "LIMIT", "f": "IOC", "q": "391.322", "p": "2072.42", "ap": "2063.62", "X": "FILLED", "l": "25.308", "z": "391.322", "T": 1773237774379}}}
{"local_ts": 1773237775348, "server_ts": 1773237775157, "data": {"e": "forceOrder", "E": 1773237775157, "o": {"s": "BTCUSDC", "S": "BUY", "o": "LIMIT", "f": "IOC", "q": "0.025", "p": "70931.4", "ap": "70719.4", "X": "FILLED", "l": "0.025", "z": "0.025", "T": 1773237775155}}}
{"local_ts": 1773237776262, "server_ts": 1773237776068, "data": {"e": "forceOrder", "E": 1773237776068, "o": {"s": "BTCUSDT", "S": "BUY", "o": "LIMIT", "f": "IOC", "q": "0.002", "p": "70965.50", "ap": "70729.70", "X": "FILLED", "l": "0.002", "z": "0.002", "T": 1773237776066}}}
{"local_ts": 1773237776774, "server_ts": 1773237776577, "data": {"e": "forceOrder", "E": 1773237776577, "o": {"s": "SOLUSDT", "S": "BUY", "o": "LIMIT", "f": "IOC", "q": "15.52", "p": "86.9700", "ap": "86.5800", "X": "FILLED", "l": "13.18", "z": "15.52", "T": 1773237776574}}}
{"local_ts": 1773237778489, "server_ts": 1773237778244, "data": {"e": "forceOrder", "E": 1773237778244, "o": {"s": "BTCUSDT", "S": "BUY", "o": "LIMIT", "f": "IOC", "q": "7.000", "p": "71014.70", "ap": "70732.23", "X": "FILLED", "l": "0.080", "z": "7.000", "T": 1773237778240}}}
{"local_ts": 1773237778505, "server_ts": 1773237778261, "data": {"e": "forceOrder", "E": 1773237778261, "o": {"s": "PIXELUSDT", "S": "SELL", "o": "LIMIT", "f": "IOC", "q": "84480", "p": "0.0141960", "ap": "0.0144050", "X": "FILLED", "l": "84480", "z": "84480", "T": 1773237778257}}}
{"local_ts": 1773237779977, "server_ts": 1773237779766, "data": {"e": "forceOrder", "E": 1773237779766, "o": {"s": "PIPPINUSDT", "S": "BUY", "o": "LIMIT", "f": "IOC", "q": "32", "p": "0.3516600", "ap": "0.3436700", "X": "FILLED", "l": "32", "z": "32", "T": 1773237779763}}}
{"local_ts": 1773237780040, "server_ts": 1773237779846, "data": {"e": "forceOrder", "E": 1773237779846, "o": {"s": "DOGEUSDT", "S": "BUY", "o": "LIMIT", "f": "IOC", "q": "4034", "p": "0.094170", "ap": "0.093550", "X": "FILLED", "l": "3803", "z": "4034", "T": 1773237779845}}}
{"local_ts": 1773237780080, "server_ts": 1773237779887, "data": {"e": "forceOrder", "E": 1773237779887, "o": {"s": "XAIUSDT", "S": "BUY", "o": "LIMIT", "f": "IOC", "q": "592123", "p": "0.0134200", "ap": "0.0132392", "X": "FILLED", "l": "3303", "z": "592123", "T": 1773237779884}}}
{"local_ts": 1773237785575, "server_ts": 1773237785384, "data": {"e": "forceOrder", "E": 1773237785384, "o": {"s": "PIXELUSDT", "S": "SELL", "o": "LIMIT", "f": "IOC", "q": "56080", "p": "0.0141890", "ap": "0.0143633", "X": "FILLED", "l": "4950", "z": "56080", "T": 1773237785380}}}
{"local_ts": 1773237787398, "server_ts": 1773237787205, "data": {"e": "forceOrder", "E": 1773237787205, "o": {"s": "HUMAUSDT", "S": "BUY", "o": "LIMIT", "f": "IOC", "q": "2015", "p": "0.0208370", "ap": "0.0207403", "X": "FILLED", "l": "1736", "z": "2015", "T": 1773237787202}}}
{"local_ts": 1773237787711, "server_ts": 1773237787513, "data": {"e": "forceOrder", "E": 1773237787513, "o": {"s": "PIXELUSDT", "S": "SELL", "o": "LIMIT", "f": "IOC", "q": "10005", "p": "0.0141760", "ap": "0.0143720", "X": "FILLED", "l": "8789", "z": "10005", "T": 1773237787509}}}
{"local_ts": 1773237787712, "server_ts": 1773237787513, "data": {"e": "forceOrder", "E": 1773237787513, "o": {"s": "COLLECTUSDT", "S": "SELL", "o": "LIMIT", "f": "IOC", "q": "685", "p": "0.0582300", "ap": "0.0596600", "X": "FILLED", "l": "685", "z": "685", "T": 1773237787509}}}
{"local_ts": 1773237788723, "server_ts": 1773237788532, "data": {"e": "forceOrder", "E": 1773237788532, "o": {"s": "HUMAUSDT", "S": "BUY", "o": "LIMIT", "f": "IOC", "q": "98299", "p": "0.0208780", "ap": "0.0207261", "X": "FILLED", "l": "349", "z": "98299", "T": 1773237788530}}}
{"local_ts": 1773237790536, "server_ts": 1773237790344, "data": {"e": "forceOrder", "E": 1773237790344, "o": {"s": "PIXELUSDT", "S": "SELL", "o": "LIMIT", "f": "IOC", "q": "27681", "p": "0.0141640", "ap": "0.0143633", "X": "FILLED", "l": "2345", "z": "27681", "T": 1773237790340}}}
{"local_ts": 1773237790642, "server_ts": 1773237790447, "data": {"e": "forceOrder", "E": 1773237790447, "o": {"s": "RONINUSDT", "S": "SELL", "o": "LIMIT", "f": "IOC", "q": "141.1", "p": "0.109200", "ap": "0.110000", "X": "FILLED", "l": "141.1", "z": "141.1", "T": 1773237790444}}}
{"local_ts": 1773237791673, "server_ts": 1773237791483, "data": {"e": "forceOrder", "E": 1773237791483, "o": {"s": "ARIAUSDT", "S": "SELL", "o": "LIMIT", "f": "IOC", "q": "311", "p": "0.1472600", "ap": "0.1492000", "X": "FILLED", "l": "311", "z": "311", "T": 1773237791480}}}
{"local_ts": 1773237792499, "server_ts": 1773237792307, "data": {"e": "forceOrder", "E": 1773237792307, "o": {"s": "ZAMAUSDT", "S": "BUY", "o": "LIMIT", "f": "IOC", "q": "2072", "p": "0.0202000", "ap": "0.0199800", "X": "FILLED", "l": "2072", "z": "2072", "T": 1773237792304}}}
{"local_ts": 1773237794323, "server_ts": 1773237794132, "data": {"e": "forceOrder", "E": 1773237794132, "o": {"s": "BTCUSDT", "S": "SELL", "o": "LIMIT", "f": "IOC", "q": "0.002", "p": "70280.40", "ap": "70524.10", "X": "FILLED", "l": "0.002", "z": "0.002", "T": 1773237794129}}}
{"local_ts": 1773237795634, "server_ts": 1773237795444, "data": {"e": "forceOrder", "E": 1773237795444, "o": {"s": "HUMAUSDT", "S": "BUY", "o": "LIMIT", "f": "IOC", "q": "6238", "p": "0.0209540", "ap": "0.0206470", "X": "FILLED", "l": "134", "z": "6238", "T": 1773237795440}}}
{"local_ts": 1773237796777, "server_ts": 1773237796586, "data": {"e": "forceOrder", "E": 1773237796586, "o": {"s": "ACXUSDT", "S": "BUY", "o": "LIMIT", "f": "IOC", "q": "2115.8", "p": "0.0422000", "ap": "0.0411928", "X": "FILLED", "l": "611.6", "z": "2115.8", "T": 1773237796583}}}
{"local_ts": 1773237798442, "server_ts": 1773237798251, "data": {"e": "forceOrder", "E": 1773237798251, "o": {"s": "BTCUSDT", "S": "SELL", "o": "LIMIT", "f": "IOC", "q": "0.033", "p": "70235.80", "ap": "70489.40", "X": "FILLED", "l": "0.033", "z": "0.033", "T": 1773237798249}}}
{"local_ts": 1773237800782, "server_ts": 1773237800587, "data": {"e": "forceOrder", "E": 1773237800587, "o": {"s": "ZAMAUSDT", "S": "BUY", "o": "LIMIT", "f": "IOC", "q": "272", "p": "0.0202000", "ap": "0.0200100", "X": "FILLED", "l": "272", "z": "272", "T": 1773237800584}}}
{"local_ts": 1773237800889, "server_ts": 1773237800698, "data": {"e": "forceOrder", "E": 1773237800698, "o": {"s": "PIXELUSDT", "S": "SELL", "o": "LIMIT", "f": "IOC", "q": "6606", "p": "0.0141380", "ap": "0.0143710", "X": "FILLED", "l": "5942", "z": "6606", "T": 1773237800696}}}
{"local_ts": 1773237807905, "server_ts": 1773237807713, "data": {"e": "forceOrder", "E": 1773237807713, "o": {"s": "RIVERUSDT", "S": "BUY", "o": "LIMIT", "f": "IOC", "q": "20.5", "p": "15.468000", "ap": "15.245970", "X": "FILLED", "l": "9.6", "z": "20.5", "T": 1773237807711}}}
{"local_ts": 1773237810385, "server_ts": 1773237810187, "data": {"e": "forceOrder", "E": 1773237810187, "o": {"s": "ETHUSDT", "S": "SELL", "o": "LIMIT", "f": "IOC", "q": "0.045", "p": "2049.91", "ap": "2057.81", "X": "FILLED", "l": "0.045", "z": "0.045", "T": 1773237810185}}}
{"local_ts": 1773237810532, "server_ts": 1773237810337, "data": {"e": "forceOrder", "E": 1773237810337, "o": {"s": "PIXELUSDT", "S": "SELL", "o": "LIMIT", "f": "IOC", "q": "1033", "p": "0.0141210", "ap": "0.0143400", "X": "FILLED", "l": "1033", "z": "1033", "T": 1773237810336}}}
{"local_ts": 1773237812928, "server_ts": 1773237812737, "data": {"e": "forceOrder", "E": 1773237812737, "o": {"s": "HUMAUSDT", "S": "BUY", "o": "LIMIT", "f": "IOC", "q": "13463", "p": "0.0209620", "ap": "0.0207162", "X": "FILLED", "l": "3966", "z": "13463", "T": 1773237812734}}}
{"local_ts": 1773237817302, "server_ts": 1773237817110, "data": {"e": "forceOrder", "E": 1773237817110, "o": {"s": "PIPPINUSDT", "S": "BUY", "o": "LIMIT", "f": "IOC", "q": "1428", "p": "0.3518400", "ap": "0.3450600", "X": "FILLED", "l": "204", "z": "1428", "T": 1773237817108}}}
{"local_ts": 1773237823385, "server_ts": 1773237823195, "data": {"e": "forceOrder", "E": 1773237823195, "o": {"s": "ACXUSDT", "S": "SELL", "o": "LIMIT", "f": "IOC", "q": "29884.8", "p": "0.0401500", "ap": "0.0406973", "X": "FILLED", "l": "609.5", "z": "29884.8", "T": 1773237823193}}}
{"local_ts": 1773237823684, "server_ts": 1773237823489, "data": {"e": "forceOrder", "E": 1773237823489, "o": {"s": "PIPPINUSDT", "S": "BUY", "o": "LIMIT", "f": "IOC", "q": "177", "p": "0.3525400", "ap": "0.3453518", "X": "FILLED", "l": "2", "z": "177", "T": 1773237823487}}}
{"local_ts": 1773237824706, "server_ts": 1773237824514, "data": {"e": "forceOrder", "E": 1773237824514, "o": {"s": "RONINUSDT", "S": "BUY", "o": "LIMIT", "f": "IOC", "q": "328.1", "p": "0.111800", "ap": "0.111100", "X": "FILLED", "l": "328.1", "z": "328.1", "T": 1773237824511}}}
{"local_ts": 1773237837299, "server_ts": 1773237837103, "data": {"e": "forceOrder", "E": 1773237837103, "o": {"s": "PIXELUSDT", "S": "SELL", "o": "LIMIT", "f": "IOC", "q": "9049", "p": "0.0140660", "ap": "0.0142748", "X": "FILLED", "l": "585", "z": "9049", "T": 1773237837101}}}
{"local_ts": 1773237837717, "server_ts": 1773237837522, "data": {"e": "forceOrder", "E": 1773237837522, "o": {"s": "XAIUSDT", "S": "BUY", "o": "LIMIT", "f": "IOC", "q": "1903", "p": "0.0133200", "ap": "0.0131600", "X": "FILLED", "l": "1403", "z": "1903", "T": 1773237837520}}}
{"local_ts": 1773237837718, "server_ts": 1773237837522, "data": {"e": "forceOrder", "E": 1773237837522, "o": {"s": "ARIAUSDT", "S": "BUY", "o": "LIMIT", "f": "IOC", "q": "205", "p": "0.1509500", "ap": "0.1489900", "X": "FILLED", "l": "205", "z": "205", "T": 1773237837520}}}
{"local_ts": 1773237837719, "server_ts": 1773237837522, "data": {"e": "forceOrder", "E": 1773237837522, "o": {"s": "AINUSDT", "S": "BUY", "o": "LIMIT", "f": "IOC", "q": "144", "p": "0.0626300", "ap": "0.0599600", "X": "FILLED", "l": "144", "z": "144", "T": 1773237837520}}}
{"local_ts": 1773237837719, "server_ts": 1773237837522, "data": {"e": "forceOrder", "E": 1773237837522, "o": {"s": "TRIAUSDT", "S": "BUY", "o": "LIMIT", "f": "IOC", "q": "426", "p": "0.0276600", "ap": "0.0272700", "X": "FILLED", "l": "426", "z": "426", "T": 1773237837520}}}
{"local_ts": 1773237837719, "server_ts": 1773237837522, "data": {"e": "forceOrder", "E": 1773237837522, "o": {"s": "ICPUSDT", "S": "SELL", "o": "LIMIT", "f": "IOC", "q": "3", "p": "2.712000", "ap": "2.735000", "X": "FILLED", "l": "3", "z": "3", "T": 1773237837520}}}
{"local_ts": 1773237840508, "server_ts": 1773237840315, "data": {"e": "forceOrder", "E": 1773237840315, "o": {"s": "BTCUSDT", "S": "SELL", "o": "LIMIT", "f": "IOC", "q": "0.085", "p": "70171.40", "ap": "70425.80", "X": "FILLED", "l": "0.075", "z": "0.085", "T": 1773237840313}}}
{"local_ts": 1773237840599, "server_ts": 1773237840405, "data": {"e": "forceOrder", "E": 1773237840405, "o": {"s": "SOLUSDT", "S": "SELL", "o": "LIMIT", "f": "IOC", "q": "10.75", "p": "85.7100", "ap": "86.1000", "X": "FILLED", "l": "10.75", "z": "10.75", "T": 1773237840402}}}
{"local_ts": 1773237843982, "server_ts": 1773237843789, "data": {"e": "forceOrder", "E": 1773237843789, "o": {"s": "ACXUSDT", "S": "SELL", "o": "LIMIT", "f": "IOC", "q": "47241.4", "p": "0.0400100", "ap": "0.0405943", "X": "FILLED", "l": "64.8", "z": "47241.4", "T": 1773237843787}}}
{"local_ts": 1773237845483, "server_ts": 1773237845291, "data": {"e": "forceOrder", "E": 1773237845291, "o": {"s": "PLAYUSDT", "S": "SELL", "o": "LIMIT", "f": "IOC", "q": "3997", "p": "0.0399900", "ap": "0.0407300", "X": "FILLED", "l": "1742", "z": "3997", "T": 1773237845288}}}
{"local_ts": 1773237849500, "server_ts": 1773237849304, "data": {"e": "forceOrder", "E": 1773237849304, "o": {"s": "ACXUSDT", "S": "BUY", "o": "LIMIT", "f": "IOC", "q": "909.2", "p": "0.0419000", "ap": "0.0417331", "X": "FILLED", "l": "421.5", "z": "909.2", "T": 1773237849297}}}
{"local_ts": 1773237851807, "server_ts": 1773237851615, "data": {"e": "forceOrder", "E": 1773237851615, "o": {"s": "RONINUSDT", "S": "SELL", "o": "LIMIT", "f": "IOC", "q": "2072.7", "p": "0.108900", "ap": "0.110000", "X": "FILLED", "l": "2072.7", "z": "2072.7", "T": 1773237851611}}}
{"local_ts": 1773237853407, "server_ts": 1773237853215, "data": {"e": "forceOrder", "E": 1773237853215, "o": {"s": "BTCUSDT", "S": "SELL", "o": "LIMIT", "f": "IOC", "q": "0.021", "p": "70123.00", "ap": "70368.40", "X": "FILLED", "l": "0.021", "z": "0.021", "T": 1773237853210}}}
{"local_ts": 1773237858656, "server_ts": 1773237858464, "data": {"e": "forceOrder", "E": 1773237858464, "o": {"s": "PIXELUSDT", "S": "SELL", "o": "LIMIT", "f": "IOC", "q": "33319", "p": "0.0140540", "ap": "0.0142393", "X": "FILLED", "l": "56", "z": "33319", "T": 1773237858462}}}
{"local_ts": 1773237860623, "server_ts": 1773237860433, "data": {"e": "forceOrder", "E": 1773237860433, "o": {"s": "PIXELUSDT", "S": "SELL", "o": "LIMIT", "f": "IOC", "q": "82586", "p": "0.0140470", "ap": "0.0142441", "X": "FILLED", "l": "31779", "z": "82586", "T": 1773237860431}}}
{"local_ts": 1773237862771, "server_ts": 1773237862581, "data": {"e": "forceOrder", "E": 1773237862581, "o": {"s": "PIXELUSDT", "S": "SELL", "o": "LIMIT", "f": "IOC", "q": "12625", "p": "0.0140370", "ap": "0.0142070", "X": "FILLED", "l": "4942", "z": "12625", "T": 1773237862578}}}
{"local_ts": 1773237864856, "server_ts": 1773237864665, "data": {"e": "forceOrder", "E": 1773237864665, "o": {"s": "PIXELUSDT", "S": "SELL", "o": "LIMIT", "f": "IOC", "q": "68624", "p": "0.0140160", "ap": "0.0141995", "X": "FILLED", "l": "27726", "z": "68624", "T": 1773237864664}}}
{"local_ts": 1773237866531, "server_ts": 1773237866336, "data": {"e": "forceOrder", "E": 1773237866336, "o": {"s": "HUMAUSDT", "S": "BUY", "o": "LIMIT", "f": "IOC", "q": "9297", "p": "0.0209940", "ap": "0.0207842", "X": "FILLED", "l": "2705", "z": "9297", "T": 1773237866335}}}
{"local_ts": 1773237867449, "server_ts": 1773237867254, "data": {"e": "forceOrder", "E": 1773237867254, "o": {"s": "RIVERUSDT", "S": "BUY", "o": "LIMIT", "f": "IOC", "q": "2.2", "p": "15.514000", "ap": "15.345000", "X": "FILLED", "l": "2.2", "z": "2.2", "T": 1773237867252}}}
{"local_ts": 1773237868587, "server_ts": 1773237868389, "data": {"e": "forceOrder", "E": 1773237868389, "o": {"s": "FIGHTUSDT", "S": "BUY", "o": "LIMIT", "f": "IOC", "q": "5928", "p": "0.0046360", "ap": "0.0045353", "X": "FILLED", "l": "1888", "z": "5928", "T": 1773237868388}}}
{"local_ts": 1773237871546, "server_ts": 1773237871177, "data": {"e": "forceOrder", "E": 1773237871177, "o": {"s": "PIXELUSDT", "S": "SELL", "o": "LIMIT", "f": "IOC", "q": "2685", "p": "0.0139960", "ap": "0.0141970", "X": "FILLED", "l": "2685", "z": "2685", "T": 1773237871174}}}
{"local_ts": 1773237880637, "server_ts": 1773237880444, "data": {"e": "forceOrder", "E": 1773237880444, "o": {"s": "PLAYUSDT", "S": "SELL", "o": "LIMIT", "f": "IOC", "q": "5571", "p": "0.0399000", "ap": "0.0404993", "X": "FILLED", "l": "341", "z": "5571", "T": 1773237880442}}}
{"local_ts": 1773237880851, "server_ts": 1773237880661, "data": {"e": "forceOrder", "E": 1773237880661, "o": {"s": "PIXELUSDT", "S": "SELL", "o": "LIMIT", "f": "IOC", "q": "288809", "p": "0.0139690", "ap": "0.0141357", "X": "FILLED", "l": "40442", "z": "288809", "T": 1773237880658}}}
{"local_ts": 1773237881321, "server_ts": 1773237881132, "data": {"e": "forceOrder", "E": 1773237881132, "o": {"s": "龙虾USDT", "S": "SELL", "o": "LIMIT", "f": "IOC", "q": "2600", "p": "0.0152650", "ap": "0.0169060", "X": "FILLED", "l": "2600", "z": "2600", "T": 1773237881130}}}
{"local_ts": 1773237889701, "server_ts": 1773237889506, "data": {"e": "forceOrder", "E": 1773237889506, "o": {"s": "PIXELUSDT", "S": "BUY", "o": "LIMIT", "f": "IOC", "q": "176738", "p": "0.0144030", "ap": "0.0142060", "X": "FILLED", "l": "260", "z": "176738", "T": 1773237889503}}}
{"local_ts": 1773237891976, "server_ts": 1773237891782, "data": {"e": "forceOrder", "E": 1773237891782, "o": {"s": "PIPPINUSDT", "S": "BUY", "o": "LIMIT", "f": "IOC", "q": "2974", "p": "0.3529000", "ap": "0.3453516", "X": "FILLED", "l": "1756", "z": "2974", "T": 1773237891781}}}
{"local_ts": 1773237894445, "server_ts": 1773237894252, "data": {"e": "forceOrder", "E": 1773237894252, "o": {"s": "RESOLVUSDT", "S": "BUY", "o": "LIMIT", "f": "IOC", "q": "31118", "p": "0.1245800", "ap": "0.1228636", "X": "FILLED", "l": "533", "z": "31118", "T": 1773237894248}}}
{"local_ts": 1773237901911, "server_ts": 1773237901718, "data": {"e": "forceOrder", "E": 1773237901718, "o": {"s": "PIXELUSDT", "S": "BUY", "o": "LIMIT", "f": "IOC", "q": "257782", "p": "0.0144620", "ap": "0.0142871", "X": "FILLED", "l": "32892", "z": "257782", "T": 1773237901716}}}
{"local_ts": 1773237903484, "server_ts": 1773237903292, "data": {"e": "forceOrder", "E": 1773237903292, "o": {"s": "PIXELUSDT", "S": "BUY", "o": "LIMIT", "f": "IOC", "q": "22830", "p": "0.0145100", "ap": "0.0143360", "X": "FILLED", "l": "12830", "z": "22830", "T": 1773237903289}}}
{"local_ts": 1773237903724, "server_ts": 1773237903531, "data": {"e": "forceOrder", "E": 1773237903531, "o": {"s": "ACXUSDT", "S": "SELL", "o": "LIMIT", "f": "IOC", "q": "242.6", "p": "0.0403900", "ap": "0.0410800", "X": "FILLED", "l": "242.6", "z": "242.6", "T": 1773237903528}}}
{"local_ts": 1773237904690, "server_ts": 1773237904494, "data": {"e": "forceOrder", "E": 1773237904494, "o": {"s": "PIXELUSDT", "S": "BUY", "o": "LIMIT", "f": "IOC", "q": "3140", "p": "0.0145477", "ap": "0.0143060", "X": "FILLED", "l": "3140", "z": "3140", "T": 1773237904489}}}
{"local_ts": 1773237906674, "server_ts": 1773237906484, "data": {"e": "forceOrder", "E": 1773237906484, "o": {"s": "RONINUSDT", "S": "SELL", "o": "LIMIT", "f": "IOC", "q": "61.1", "p": "0.108500", "ap": "0.109100", "X": "FILLED", "l": "61.1", "z": "61.1", "T": 1773237906481}}}
{"local_ts": 1773237909842, "server_ts": 1773237909647, "data": {"e": "forceOrder", "E": 1773237909647, "o": {"s": "XAIUSDT", "S": "SELL", "o": "LIMIT", "f": "IOC", "q": "76981", "p": "0.0128600", "ap": "0.0130200", "X": "FILLED", "l": "76981", "z": "76981", "T": 1773237909644}}}
{"local_ts": 1773237912303, "server_ts": 1773237912108, "data": {"e": "forceOrder", "E": 1773237912108, "o": {"s": "2ZUSDT", "S": "BUY", "o": "LIMIT", "f": "IOC", "q": "83", "p": "0.0798600", "ap": "0.0787300", "X": "FILLED", "l": "83", "z": "83", "T": 1773237912105}}}
{"local_ts": 1773237922357, "server_ts": 1773237922168, "data": {"e": "forceOrder", "E": 1773237922168, "o": {"s": "PIXELUSDT", "S": "SELL", "o": "LIMIT", "f": "IOC", "q": "829", "p": "0.0139360", "ap": "0.0141180", "X": "FILLED", "l": "829", "z": "829", "T": 1773237922165}}}
{"local_ts": 1773237922758, "server_ts": 1773237922568, "data": {"e": "forceOrder", "E": 1773237922568, "o": {"s": "PLAYUSDT", "S": "SELL", "o": "LIMIT", "f": "IOC", "q": "6195", "p": "0.0397700", "ap": "0.0401300", "X": "FILLED", "l": "4283", "z": "6195", "T": 1773237922565}}}
{"local_ts": 1773237924411, "server_ts": 1773237924222, "data": {"e": "forceOrder", "E": 1773237924222, "o": {"s": "PIXELUSDT", "S": "BUY", "o": "LIMIT", "f": "IOC", "q": "8707", "p": "0.0143477", "ap": "0.0138233", "X": "FILLED", "l": "6768", "z": "8707", "T": 1773237924220}}}
{"local_ts": 1773237925430, "server_ts": 1773237925240, "data": {"e": "forceOrder", "E": 1773237925240, "o": {"s": "PIXELUSDT", "S": "SELL", "o": "LIMIT", "f": "IOC", "q": "71571", "p": "0.0139170", "ap": "0.0139170", "X": "FILLED", "l": "71571", "z": "71571", "T": 1773237925238}}}
{"local_ts": 1773237926262, "server_ts": 1773237926071, "data": {"e": "forceOrder", "E": 1773237926071, "o": {"s": "1000RATSUSDT", "S": "SELL", "o": "LIMIT", "f": "IOC", "q": "3032", "p": "0.0471600", "ap": "0.0479862", "X": "FILLED", "l": "1131", "z": "3032", "T": 1773237926068}}}
{"local_ts": 1773237926263, "server_ts": 1773237926071, "data": {"e": "forceOrder", "E": 1773237926071, "o": {"s": "FUNUSDT", "S": "SELL", "o": "LIMIT", "f": "IOC", "q": "109090", "p": "0.0013400", "ap": "0.0013700", "X": "FILLED", "l": "109090", "z": "109090", "T": 1773237926068}}}
{"local_ts": 1773237926263, "server_ts": 1773237926071, "data": {"e": "forceOrder", "E": 1773237926071, "o": {"s": "UAIUSDT", "S": "SELL", "o": "LIMIT", "f": "IOC", "q": "651", "p": "0.2281000", "ap": "0.2310000", "X": "FILLED", "l": "23", "z": "651", "T": 1773237926068}}}
{"local_ts": 1773237926264, "server_ts": 1773237926071, "data": {"e": "forceOrder", "E": 1773237926071, "o": {"s": "ARIAUSDT", "S": "SELL", "o": "LIMIT", "f": "IOC", "q": "1012", "p": "0.1469400", "ap": "0.1488312", "X": "FILLED", "l": "135", "z": "1012", "T": 1773237926068}}}
{"local_ts": 1773237926372, "server_ts": 1773237926178, "data": {"e": "forceOrder", "E": 1773237926178, "o": {"s": "XAIUSDT", "S": "SELL", "o": "LIMIT", "f": "IOC", "q": "24160", "p": "0.0128800", "ap": "0.0129800", "X": "FILLED", "l": "24160", "z": "24160", "T": 1773237926176}}}
{"local_ts": 1773237926443, "server_ts": 1773237926246, "data": {"e": "forceOrder", "E": 1773237926246, "o": {"s": "PIXELUSDT", "S": "SELL", "o": "LIMIT", "f": "IOC", "q": "139851", "p": "0.0137790", "ap": "0.0137790", "X": "FILLED", "l": "139851", "z": "139851", "T": 1773237926242}}}
{"local_ts": 1773237927625, "server_ts": 1773237927433, "data": {"e": "forceOrder", "E": 1773237927433, "o": {"s": "XAIUSDT", "S": "SELL", "o": "LIMIT", "f": "IOC", "q": "16372", "p": "0.0127900", "ap": "0.0129200", "X": "FILLED", "l": "207", "z": "16372", "T": 1773237927430}}}
{"local_ts": 1773237931453, "server_ts": 1773237931263, "data": {"e": "forceOrder", "E": 1773237931263, "o": {"s": "PIXELUSDT", "S": "BUY", "o": "LIMIT", "f": "IOC", "q": "14509", "p": "0.0141340", "ap": "0.0139515", "X": "FILLED", "l": "10307", "z": "14509", "T": 1773237931259}}}
{"local_ts": 1773237931941, "server_ts": 1773237931754, "data": {"e": "forceOrder", "E": 1773237931754, "o": {"s": "PLAYUSDT", "S": "SELL", "o": "LIMIT", "f": "IOC", "q": "9184", "p": "0.0395200", "ap": "0.0400225", "X": "FILLED", "l": "703", "z": "9184", "T": 1773237931753}}}
{"local_ts": 1773237932670, "server_ts": 1773237932480, "data": {"e": "forceOrder", "E": 1773237932480, "o": {"s": "AIUSDT", "S": "SELL", "o": "LIMIT", "f": "IOC", "q": "2596", "p": "0.022830", "ap": "0.023460", "X": "FILLED", "l": "2071", "z": "2596", "T": 1773237932477}}}
{"local_ts": 1773237934799, "server_ts": 1773237934610, "data": {"e": "forceOrder", "E": 1773237934610, "o": {"s": "HUMAUSDT", "S": "SELL", "o": "LIMIT", "f": "IOC", "q": "1060", "p": "0.0204160", "ap": "0.0206119", "X": "FILLED", "l": "261", "z": "1060", "T": 1773237934606}}}
{"local_ts": 1773237935737, "server_ts": 1773237935545, "data": {"e": "forceOrder", "E": 1773237935545, "o": {"s": "ACXUSDT", "S": "SELL", "o": "LIMIT", "f": "IOC", "q": "3043.3", "p": "0.0396900", "ap": "0.0401134", "X": "FILLED", "l": "194.1", "z": "3043.3", "T": 1773237935542}}}
{"local_ts": 1773237937289, "server_ts": 1773237937099, "data": {"e": "forceOrder", "E": 1773237937099, "o": {"s": "ACXUSDT", "S": "SELL", "o": "LIMIT", "f": "IOC", "q": "90846.5", "p": "0.0395800", "ap": "0.0400256", "X": "FILLED", "l": "22695.8", "z": "90846.5", "T": 1773237937096}}}
{"local_ts": 1773237937899, "server_ts": 1773237937710, "data": {"e": "forceOrder", "E": 1773237937710, "o": {"s": "XPDUSDT", "S": "BUY", "o": "LIMIT", "f": "IOC", "q": "0.304", "p": "1665.8300", "ap": "1658.2820", "X": "FILLED", "l": "0.026", "z": "0.304", "T": 1773237937707}}}
{"local_ts": 1773237937900, "server_ts": 1773237937710, "data": {"e": "forceOrder", "E": 1773237937710, "o": {"s": "PIPPINUSDT", "S": "BUY", "o": "LIMIT", "f": "IOC", "q": "293", "p": "0.3530100", "ap": "0.3455777", "X": "FILLED", "l": "228", "z": "293", "T": 1773237937707}}}
{"local_ts": 1773237937900, "server_ts": 1773237937710, "data": {"e": "forceOrder", "E": 1773237937710, "o": {"s": "XPTUSDT", "S": "BUY", "o": "LIMIT", "f": "IOC", "q": "0.046", "p": "2220.4400", "ap": "2209.3067", "X": "FILLED", "l": "0.001", "z": "0.046", "T": 1773237937707}}}
{"local_ts": 1773237937901, "server_ts": 1773237937710, "data": {"e": "forceOrder", "E": 1773237937710, "o": {"s": "XAGUSDT", "S": "BUY", "o": "LIMIT", "f": "IOC", "q": "1.150", "p": "86.0600", "ap": "85.6300", "X": "FILLED", "l": "0.278", "z": "1.150", "T": 1773237937707}}}
{"local_ts": 1773237940546, "server_ts": 1773237940357, "data": {"e": "forceOrder", "E": 1773237940357, "o": {"s": "ACXUSDT", "S": "SELL", "o": "LIMIT", "f": "IOC", "q": "988.9", "p": "0.0395400", "ap": "0.0400800", "X": "FILLED", "l": "988.9", "z": "988.9", "T": 1773237940355}}}
{"local_ts": 1773237946813, "server_ts": 1773237946624, "data": {"e": "forceOrder", "E": 1773237946624, "o": {"s": "BABYUSDT", "S": "BUY", "o": "LIMIT", "f": "IOC", "q": "3257", "p": "0.0153000", "ap": "0.0151600", "X": "FILLED", "l": "3257", "z": "3257", "T": 1773237946621}}}
{"local_ts": 1773237947917, "server_ts": 1773237947726, "data": {"e": "forceOrder", "E": 1773237947726, "o": {"s": "XAGUSDT", "S": "BUY", "o": "LIMIT", "f": "IOC", "q": "3.237", "p": "86.0700", "ap": "85.6700", "X": "FILLED", "l": "3.237", "z": "3.237", "T": 1773237947723}}}
{"local_ts": 1773237954338, "server_ts": 1773237954148, "data": {"e": "forceOrder", "E": 1773237954148, "o": {"s": "PIXELUSDT", "S": "SELL", "o": "LIMIT", "f": "IOC", "q": "15879", "p": "0.0137140", "ap": "0.0138544", "X": "FILLED", "l": "8661", "z": "15879", "T": 1773237954146}}}
{"local_ts": 1773237958385, "server_ts": 1773237958193, "data": {"e": "forceOrder", "E": 1773237958193, "o": {"s": "AIXBTUSDT", "S": "BUY", "o": "LIMIT", "f": "IOC", "q": "81", "p": "0.0284300", "ap": "0.0280000", "X": "FILLED", "l": "81", "z": "81", "T": 1773237958191}}}
{"local_ts": 1773237961955, "server_ts": 1773237961756, "data": {"e": "forceOrder", "E": 1773237961756, "o": {"s": "RIVERUSDT", "S": "SELL", "o": "LIMIT", "f": "IOC", "q": "7.0", "p": "14.980000", "ap": "15.189000", "X": "FILLED", "l": "3.0", "z": "7.0", "T": 1773237961754}}}
{"local_ts": 1773237962892, "server_ts": 1773237962698, "data": {"e": "forceOrder", "E": 1773237962698, "o": {"s": "NAORISUSDT", "S": "BUY", "o": "LIMIT", "f": "IOC", "q": "3123", "p": "0.0622100", "ap": "0.0610300", "X": "FILLED", "l": "3123", "z": "3123", "T": 1773237962696}}}
{"local_ts": 1773237964269, "server_ts": 1773237964080, "data": {"e": "forceOrder", "E": 1773237964080, "o": {"s": "PIXELUSDT", "S": "SELL", "o": "LIMIT", "f": "IOC", "q": "76750", "p": "0.0136440", "ap": "0.0137897", "X": "FILLED", "l": "13979", "z": "76750", "T": 1773237964077}}}
{"local_ts": 1773237964844, "server_ts": 1773237964656, "data": {"e": "forceOrder", "E": 1773237964656, "o": {"s": "XAIUSDT", "S": "SELL", "o": "LIMIT", "f": "IOC", "q": "105042", "p": "0.0126900", "ap": "0.0128400", "X": "FILLED", "l": "5972", "z": "105042", "T": 1773237964653}}}
{"local_ts": 1773237965030, "server_ts": 1773237964841, "data": {"e": "forceOrder", "E": 1773237964841, "o": {"s": "RONINUSDT", "S": "SELL", "o": "LIMIT", "f": "IOC", "q": "239.8", "p": "0.108300", "ap": "0.109100", "X": "FILLED", "l": "239.8", "z": "239.8", "T": 1773237964836}}}
{"local_ts": 1773237966268, "server_ts": 1773237966079, "data": {"e": "forceOrder", "E": 1773237966079, "o": {"s": "PIXELUSDT", "S": "SELL", "o": "LIMIT", "f": "IOC", "q": "2137", "p": "0.0135860", "ap": "0.0136605", "X": "FILLED", "l": "1734", "z": "2137", "T": 1773237966076}}}
{"local_ts": 1773237966446, "server_ts": 1773237966256, "data": {"e": "forceOrder", "E": 1773237966256, "o": {"s": "PLAYUSDT", "S": "SELL", "o": "LIMIT", "f": "IOC", "q": "1546", "p": "0.0396500", "ap": "0.0403700", "X": "FILLED", "l": "377", "z": "1546", "T": 1773237966254}}}
{"local_ts": 1773237966467, "server_ts": 1773237966274, "data": {"e": "forceOrder", "E": 1773237966274, "o": {"s": "LABUSDT", "S": "SELL", "o": "LIMIT", "f": "IOC", "q": "134", "p": "0.1446100", "ap": "0.1472400", "X": "FILLED", "l": "134", "z": "134", "T": 1773237966272}}}
{"local_ts": 1773237966835, "server_ts": 1773237966643, "data": {"e": "forceOrder", "E": 1773237966643, "o": {"s": "龙虾USDT", "S": "SELL", "o": "LIMIT", "f": "IOC", "q": "52353", "p": "0.0155750", "ap": "0.0172639", "X": "FILLED", "l": "11134", "z": "52353", "T": 1773237966641}}}
{"local_ts": 1773237967293, "server_ts": 1773237967103, "data": {"e": "forceOrder", "E": 1773237967103, "o": {"s": "PIXELUSDT", "S": "SELL", "o": "LIMIT", "f": "IOC", "q": "1541", "p": "0.0135580", "ap": "0.0136810", "X": "FILLED", "l": "1541", "z": "1541", "T": 1773237967101}}}
{"local_ts": 1773237967581, "server_ts": 1773237967392, "data": {"e": "forceOrder", "E": 1773237967392, "o": {"s": "PLAYUSDT", "S": "BUY", "o": "LIMIT", "f": "IOC", "q": "554", "p": "0.0409000", "ap": "0.0403600", "X": "FILLED", "l": "554", "z": "554", "T": 1773237967391}}}
{"local_ts": 1773237967768, "server_ts": 1773237967579, "data": {"e": "forceOrder", "E": 1773237967579, "o": {"s": "XAIUSDT", "S": "SELL", "o": "LIMIT", "f": "IOC", "q": "1882", "p": "0.0126700", "ap": "0.0128300", "X": "FILLED", "l": "1882", "z": "1882", "T": 1773237967576}}}
{"local_ts": 1773237968318, "server_ts": 1773237968127, "data": {"e": "forceOrder", "E": 1773237968127, "o": {"s": "PIXELUSDT", "S": "SELL", "o": "LIMIT", "f": "IOC", "q": "84823", "p": "0.0135300", "ap": "0.0136694", "X": "FILLED", "l": "8163", "z": "84823", "T": 1773237968126}}}
{"local_ts": 1773237969084, "server_ts": 1773237968892, "data": {"e": "forceOrder", "E": 1773237968892, "o": {"s": "PIEVERSEUSDT", "S": "SELL", "o": "LIMIT", "f": "IOC", "q": "280", "p": "0.4727000", "ap": "0.4822296", "X": "FILLED", "l": "103", "z": "280", "T": 1773237968889}}}
{"local_ts": 1773237969559, "server_ts": 1773237969369, "data": {"e": "forceOrder", "E": 1773237969369, "o": {"s": "PIXELUSDT", "S": "SELL", "o": "LIMIT", "f": "IOC", "q": "12144", "p": "0.0135000", "ap": "0.0136940", "X": "FILLED", "l": "7097", "z": "12144", "T": 1773237969364}}}
{"local_ts": 1773237969645, "server_ts": 1773237969454, "data": {"e": "forceOrder", "E": 1773237969454, "o": {"s": "AIUSDT", "S": "SELL", "o": "LIMIT", "f": "IOC", "q": "273", "p": "0.022830", "ap": "0.023360", "X": "FILLED", "l": "273", "z": "273", "T": 1773237969450}}}
{"local_ts": 1773237971275, "server_ts": 1773237971083, "data": {"e": "forceOrder", "E": 1773237971083, "o": {"s": "AIUSDT", "S": "SELL", "o": "LIMIT", "f": "IOC", "q": "261", "p": "0.023010", "ap": "0.023340", "X": "FILLED", "l": "7", "z": "261", "T": 1773237971080}}}
{"local_ts": 1773237973562, "server_ts": 1773237973374, "data": {"e": "forceOrder", "E": 1773237973374, "o": {"s": "PIXELUSDT", "S": "BUY", "o": "LIMIT", "f": "IOC", "q": "79948", "p": "0.0139680", "ap": "0.0138023", "X": "FILLED", "l": "38684", "z": "79948", "T": 1773237973372}}}
{"local_ts": 1773237973752, "server_ts": 1773237973563, "data": {"e": "forceOrder", "E": 1773237973563, "o": {"s": "PORTALUSDT", "S": "SELL", "o": "LIMIT", "f": "IOC", "q": "2218.7", "p": "0.0137200", "ap": "0.0139800", "X": "FILLED", "l": "2218.7", "z": "2218.7", "T": 1773237973560}}}
{"local_ts": 1773237975023, "server_ts": 1773237974834, "data": {"e": "forceOrder", "E": 1773237974834, "o": {"s": "PIXELUSDT", "S": "BUY", "o": "LIMIT", "f": "IOC", "q": "207909", "p": "0.0140060", "ap": "0.0138687", "X": "FILLED", "l": "29109", "z": "207909", "T": 1773237974833}}}
{"local_ts": 1773237976274, "server_ts": 1773237976083, "data": {"e": "forceOrder", "E": 1773237976083, "o": {"s": "PIXELUSDT", "S": "BUY", "o": "LIMIT", "f": "IOC", "q": "18968", "p": "0.0140300", "ap": "0.0138590", "X": "FILLED", "l": "18968", "z": "18968", "T": 1773237976080}}}
{"local_ts": 1773237977336, "server_ts": 1773237977144, "data": {"e": "forceOrder", "E": 1773237977144, "o": {"s": "PORTALUSDT", "S": "SELL", "o": "LIMIT", "f": "IOC", "q": "436.7", "p": "0.0137100", "ap": "0.0139700", "X": "FILLED", "l": "436.7", "z": "436.7", "T": 1773237977141}}}
{"local_ts": 1773237978894, "server_ts": 1773237978703, "data": {"e": "forceOrder", "E": 1773237978703, "o": {"s": "XAIUSDT", "S": "SELL", "o": "LIMIT", "f": "IOC", "q": "55555", "p": "0.0126300", "ap": "0.0127700", "X": "FILLED", "l": "11374", "z": "55555", "T": 1773237978700}}}
{"local_ts": 1773237980730, "server_ts": 1773237980540, "data": {"e": "forceOrder", "E": 1773237980540, "o": {"s": "XAIUSDT", "S": "SELL", "o": "LIMIT", "f": "IOC", "q": "12888", "p": "0.0126000", "ap": "0.0127700", "X": "FILLED", "l": "2434", "z": "12888", "T": 1773237980538}}}
{"local_ts": 1773237980731, "server_ts": 1773237980540, "data": {"e": "forceOrder", "E": 1773237980540, "o": {"s": "PIXELUSDT", "S": "SELL", "o": "LIMIT", "f": "IOC", "q": "2022", "p": "0.0136370", "ap": "0.0138072", "X": "FILLED", "l": "171", "z": "2022", "T": 1773237980538}}}
{"local_ts": 1773237983066, "server_ts": 1773237982877, "data": {"e": "forceOrder", "E": 1773237982877, "o": {"s": "XAIUSDT", "S": "SELL", "o": "LIMIT", "f": "IOC", "q": "28910", "p": "0.0125800", "ap": "0.0127700", "X": "FILLED", "l": "14038", "z": "28910", "T": 1773237982875}}}
{"local_ts": 1773237986422, "server_ts": 1773237986233, "data": {"e": "forceOrder", "E": 1773237986233, "o": {"s": "BTCUSDT", "S": "SELL", "o": "LIMIT", "f": "IOC", "q": "0.291", "p": "70028.70", "ap": "70266.50", "X": "FILLED", "l": "0.141", "z": "0.291", "T": 1773237986231}}}
{"local_ts": 1773237987733, "server_ts": 1773237987545, "data": {"e": "forceOrder", "E": 1773237987545, "o": {"s": "PIXELUSDT", "S": "SELL", "o": "LIMIT", "f": "IOC", "q": "23295", "p": "0.0134950", "ap": "0.0136840", "X": "FILLED", "l": "6254", "z": "23295", "T": 1773237987543}}}
{"local_ts": 1773237988916, "server_ts": 1773237988720, "data": {"e": "forceOrder", "E": 1773237988720, "o": {"s": "PIXELUSDT", "S": "SELL", "o": "LIMIT", "f": "IOC", "q": "62855", "p": "0.0134810", "ap": "0.0137180", "X": "FILLED", "l": "24654", "z": "62855", "T": 1773237988719}}}
{"local_ts": 1773237989731, "server_ts": 1773237989542, "data": {"e": "forceOrder", "E": 1773237989542, "o": {"s": "XAIUSDT", "S": "SELL", "o": "LIMIT", "f": "IOC", "q": "11431", "p": "0.0125700", "ap": "0.0127400", "X": "FILLED", "l": "10998", "z": "11431", "T": 1773237989539}}}
{"local_ts": 1773237989802, "server_ts": 1773237989610, "data": {"e": "forceOrder", "E": 1773237989610, "o": {"s": "AIUSDT", "S": "SELL", "o": "LIMIT", "f": "IOC", "q": "238818", "p": "0.023030", "ap": "0.023258", "X": "FILLED", "l": "7304", "z": "238818", "T": 1773237989607}}}
{"local_ts": 1773237990541, "server_ts": 1773237990352, "data": {"e": "forceOrder", "E": 1773237990352, "o": {"s": "BTCUSDT", "S": "SELL", "o": "LIMIT", "f": "IOC", "q": "0.014", "p": "69999.50", "ap": "70252.00", "X": "FILLED", "l": "0.014", "z": "0.014", "T": 1773237990349}}}
{"local_ts": 1773237992349, "server_ts": 1773237992160, "data": {"e": "forceOrder", "E": 1773237992160, "o": {"s": "RONINUSDT", "S": "SELL", "o": "LIMIT", "f": "IOC", "q": "148.9", "p": "0.107900", "ap": "0.108600", "X": "FILLED", "l": "148.9", "z": "148.9", "T": 1773237992159}}}
{"local_ts": 1773237993124, "server_ts": 1773237992935, "data": {"e": "forceOrder", "E": 1773237992935, "o": {"s": "PIXELUSDT", "S": "SELL", "o": "LIMIT", "f": "IOC", "q": "34062", "p": "0.0134790", "ap": "0.0136490", "X": "FILLED", "l": "28912", "z": "34062", "T": 1773237992932}}}
{"local_ts": 1773237993125, "server_ts": 1773237992935, "data": {"e": "forceOrder", "E": 1773237992935, "o": {"s": "AIUSDT", "S": "SELL", "o": "LIMIT", "f": "IOC", "q": "21388", "p": "0.022970", "ap": "0.023267", "X": "FILLED", "l": "1803", "z": "21388", "T": 1773237992932}}}
{"local_ts": 1773237994490, "server_ts": 1773237994296, "data": {"e": "forceOrder", "E": 1773237994296, "o": {"s": "PIXELUSDT", "S": "SELL", "o": "LIMIT", "f": "IOC", "q": "13125", "p": "0.0134690", "ap": "0.0136190", "X": "FILLED", "l": "13125", "z": "13125", "T": 1773237994294}}}
{"local_ts": 1773237994727, "server_ts": 1773237994537, "data": {"e": "forceOrder", "E": 1773237994537, "o": {"s": "ACXUSDT", "S": "SELL", "o": "LIMIT", "f": "IOC", "q": "441.3", "p": "0.0404700", "ap": "0.0409400", "X": "FILLED", "l": "441.3", "z": "441.3", "T": 1773237994535}}}
{"local_ts": 1773237995279, "server_ts": 1773237995091, "data": {"e": "forceOrder", "E": 1773237995091, "o": {"s": "XAIUSDT", "S": "SELL", "o": "LIMIT", "f": "IOC", "q": "1515", "p": "0.0125300", "ap": "0.0126800", "X": "FILLED", "l": "1515", "z": "1515", "T": 1773237995089}}}
{"local_ts": 1773237995601, "server_ts": 1773237995413, "data": {"e": "forceOrder", "E": 1773237995413, "o": {"s": "PIXELUSDT", "S": "SELL", "o": "LIMIT", "f": "IOC", "q": "2647", "p": "0.0134570", "ap": "0.0136730", "X": "FILLED", "l": "2647", "z": "2647", "T": 1773237995411}}}
{"local_ts": 1773237995601, "server_ts": 1773237995413, "data": {"e": "forceOrder", "E": 1773237995413, "o": {"s": "LTCUSDT", "S": "SELL", "o": "LIMIT", "f": "IOC", "q": "1.028", "p": "54.53", "ap": "54.80", "X": "FILLED", "l": "1.028", "z": "1.028", "T": 1773237995411}}}
{"local_ts": 1773237995982, "server_ts": 1773237995789, "data": {"e": "forceOrder", "E": 1773237995789, "o": {"s": "SOLUSDT", "S": "SELL", "o": "LIMIT", "f": "IOC", "q": "2.04", "p": "85.7800", "ap": "86.2000", "X": "FILLED", "l": "2.04", "z": "2.04", "T": 1773237995786}}}
{"local_ts": 1773237996453, "server_ts": 1773237996264, "data": {"e": "forceOrder", "E": 1773237996264, "o": {"s": "XAIUSDT", "S": "SELL", "o": "LIMIT", "f": "IOC", "q": "466", "p": "0.0125000", "ap": "0.0126600", "X": "FILLED", "l": "32", "z": "466", "T": 1773237996262}}}
{"local_ts": 1773237996802, "server_ts": 1773237996613, "data": {"e": "forceOrder", "E": 1773237996613, "o": {"s": "MAGICUSDT", "S": "SELL", "o": "LIMIT", "f": "IOC", "q": "2783.5", "p": "0.065450", "ap": "0.066419", "X": "FILLED", "l": "470.9", "z": "2783.5", "T": 1773237996611}}}
{"local_ts": 1773238001057, "server_ts": 1773238000866, "data": {"e": "forceOrder", "E": 1773238000866, "o": {"s": "RONINUSDT", "S": "SELL", "o": "LIMIT", "f": "IOC", "q": "10000.0", "p": "0.107500", "ap": "0.108469", "X": "FILLED", "l": "2481.4", "z": "10000.0", "T": 1773238000865}}}
{"local_ts": 1773238003641, "server_ts": 1773238003450, "data": {"e": "forceOrder", "E": 1773238003450, "o": {"s": "PIXELUSDT", "S": "BUY", "o": "LIMIT", "f": "IOC", "q": "73496", "p": "0.0139640", "ap": "0.0138011", "X": "FILLED", "l": "107", "z": "73496", "T": 1773238003447}}}
{"local_ts": 1773238005220, "server_ts": 1773238005031, "data": {"e": "forceOrder", "E": 1773238005031, "o": {"s": "PIXELUSDT", "S": "BUY", "o": "LIMIT", "f": "IOC", "q": "12674", "p": "0.0139710", "ap": "0.0137854", "X": "FILLED", "l": "5420", "z": "12674", "T": 1773238005028}}}
{"local_ts": 1773238006573, "server_ts": 1773238006384, "data": {"e": "forceOrder", "E": 1773238006384, "o": {"s": "RONINUSDT", "S": "SELL", "o": "LIMIT", "f": "IOC", "q": "5230.8", "p": "0.107400", "ap": "0.107800", "X": "FILLED", "l": "3344.6", "z": "5230.8", "T": 1773238006381}}}
{"local_ts": 1773238008584, "server_ts": 1773238008392, "data": {"e": "forceOrder", "E": 1773238008392, "o": {"s": "RONINUSDT", "S": "SELL", "o": "LIMIT", "f": "IOC", "q": "51.4", "p": "0.107200", "ap": "0.107800", "X": "FILLED", "l": "51.4", "z": "51.4", "T": 1773238008390}}}
{"local_ts": 1773238012307, "server_ts": 1773238012117, "data": {"e": "forceOrder", "E": 1773238012117, "o": {"s": "PIXELUSDT", "S": "BUY", "o": "LIMIT", "f": "IOC", "q": "7050", "p": "0.0140160", "ap": "0.0138130", "X": "FILLED", "l": "7050", "z": "7050", "T": 1773238012115}}}
{"local_ts": 1773238015619, "server_ts": 1773238015427, "data": {"e": "forceOrder", "E": 1773238015427, "o": {"s": "BTCUSDT", "S": "SELL", "o": "LIMIT", "f": "IOC", "q": "0.003", "p": "69975.09", "ap": "70242.00", "X": "FILLED", "l": "0.001", "z": "0.003", "T": 1773238015423}}}
{"local_ts": 1773238018367, "server_ts": 1773238018178, "data": {"e": "forceOrder", "E": 1773238018178, "o": {"s": "PLAYUSDT", "S": "SELL", "o": "LIMIT", "f": "IOC", "q": "292", "p": "0.0392800", "ap": "0.0398600", "X": "FILLED", "l": "108", "z": "292", "T": 1773238018176}}}
{"local_ts": 1773238028425, "server_ts": 1773238028233, "data": {"e": "forceOrder", "E": 1773238028233, "o": {"s": "JCTUSDT", "S": "BUY", "o": "LIMIT", "f": "IOC", "q": "660423", "p": "0.0023430", "ap": "0.0023108", "X": "FILLED", "l": "25310", "z": "660423", "T": 1773238028230}}}
{"local_ts": 1773238031534, "server_ts": 1773238031345, "data": {"e": "forceOrder", "E": 1773238031345, "o": {"s": "PIXELUSDT", "S": "SELL", "o": "LIMIT", "f": "IOC", "q": "10458", "p": "0.0135270", "ap": "0.0137780", "X": "FILLED", "l": "10458", "z": "10458", "T": 1773238031341}}}
{"local_ts": 1773238031535, "server_ts": 1773238031345, "data": {"e": "forceOrder", "E": 1773238031345, "o": {"s": "PLAYUSDT", "S": "SELL", "o": "LIMIT", "f": "IOC", "q": "6177", "p": "0.0390500", "ap": "0.0394306", "X": "FILLED", "l": "702", "z": "6177", "T": 1773238031341}}}
{"local_ts": 1773238032568, "server_ts": 1773238032380, "data": {"e": "forceOrder", "E": 1773238032380, "o": {"s": "PLAYUSDT", "S": "SELL", "o": "LIMIT", "f": "IOC", "q": "694", "p": "0.0390000", "ap": "0.0394100", "X": "FILLED", "l": "694", "z": "694", "T": 1773238032378}}}
{"local_ts": 1773238033671, "server_ts": 1773238033480, "data": {"e": "forceOrder", "E": 1773238033480, "o": {"s": "BTCUSDT", "S": "SELL", "o": "LIMIT", "f": "IOC", "q": "0.007", "p": "69952.70", "ap": "70235.60", "X": "FILLED", "l": "0.007", "z": "0.007", "T": 1773238033477}}}
{"local_ts": 1773238034320, "server_ts": 1773238034129, "data": {"e": "forceOrder", "E": 1773238034129, "o": {"s": "PIXELUSDT", "S": "BUY", "o": "LIMIT", "f": "IOC", "q": "40000", "p": "0.0140280", "ap": "0.0138710", "X": "FILLED", "l": "8000", "z": "40000", "T": 1773238034126}}}
{"local_ts": 1773238036382, "server_ts": 1773238036193, "data": {"e": "forceOrder", "E": 1773238036193, "o": {"s": "PIXELUSDT", "S": "BUY", "o": "LIMIT", "f": "IOC", "q": "1396", "p": "0.0140490", "ap": "0.0138650", "X": "FILLED", "l": "1396", "z": "1396", "T": 1773238036192}}}
{"local_ts": 1773238036579, "server_ts": 1773238036385, "data": {"e": "forceOrder", "E": 1773238036385, "o": {"s": "PLAYUSDT", "S": "SELL", "o": "LIMIT", "f": "IOC", "q": "6161", "p": "0.0389000", "ap": "0.0394828", "X": "FILLED", "l": "136", "z": "6161", "T": 1773238036383}}}
{"local_ts": 1773238039623, "server_ts": 1773238039433, "data": {"e": "forceOrder", "E": 1773238039433, "o": {"s": "PIXELUSDT", "S": "BUY", "o": "LIMIT", "f": "IOC", "q": "1005", "p": "0.0140780", "ap": "0.0138960", "X": "FILLED", "l": "1005", "z": "1005", "T": 1773238039431}}}
{"local_ts": 1773238039871, "server_ts": 1773238039683, "data": {"e": "forceOrder", "E": 1773238039683, "o": {"s": "PLAYUSDT", "S": "SELL", "o": "LIMIT", "f": "IOC", "q": "245", "p": "0.0387900", "ap": "0.0393700", "X": "FILLED", "l": "245", "z": "245", "T": 1773238039681}}}
