{"local_ts": 1773485027633, "server_ts": 1773485026700, "data": {"e": "aggTrade", "E": 1773485026840, "a": 3200098760, "s": "BTCUSDT", "p": "70510.00", "q": "0.012", "nq": "0.012", "f": 7435602550, "l": 7435602550, "T": 1773485026700, "m": true}}
{"local_ts": 1773485027784, "server_ts": 1773485026837, "data": {"e": "aggTrade", "E": 1773485026991, "a": 3200098761, "s": "BTCUSDT", "p": "70510.10", "q": "0.024", "nq": "0.024", "f": 7435602551, "l": 7435602551, "T": 1773485026837, "m": false}}
{"local_ts": 1773485028008, "server_ts": 1773485027064, "data": {"e": "aggTrade", "E": 1773485027213, "a": 3200098762, "s": "BTCUSDT", "p": "70510.10", "q": "0.081", "nq": "0.081", "f": 7435602552, "l": 7435602554, "T": 1773485027064, "m": false}}
{"local_ts": 1773485028160, "server_ts": 1773485027212, "data": {"e": "aggTrade", "E": 1773485027364, "a": 3200098763, "s": "BTCUSDT", "p": "70510.10", "q": "0.004", "nq": "0.004", "f": 7435602555, "l": 7435602555, "T": 1773485027212, "m": false}}
{"local_ts": 1773485028221, "server_ts": 1773485027372, "data": {"e": "aggTrade", "E": 1773485027426, "a": 3200098764, "s": "BTCUSDT", "p": "70510.10", "q": "0.007", "nq": "0.007", "f": 7435602556, "l": 7435602556, "T": 1773485027372, "m": false}}
{"local_ts": 1773485028227, "server_ts": 1773485027424, "data": {"e": "aggTrade", "E": 1773485027430, "a": 3200098765, "s": "BTCUSDT", "p": "70510.00", "q": "3.375", "nq": "3.375", "f": 7435602557, "l": 7435602575, "T": 1773485027424, "m": true}}
{"local_ts": 1773485028228, "server_ts": 1773485027426, "data": {"e": "aggTrade", "E": 1773485027430, "a": 3200098766, "s": "BTCUSDT", "p": "70509.90", "q": "0.007", "nq": "0.007", "f": 7435602576, "l": 7435602579, "T": 1773485027426, "m": true}}
{"local_ts": 1773485028228, "server_ts": 1773485027426, "data": {"e": "aggTrade", "E": 1773485027431, "a": 3200098767, "s": "BTCUSDT", "p": "70509.70", "q": "0.002", "nq": "0.002", "f": 7435602580, "l": 7435602580, "T": 1773485027426, "m": true}}
{"local_ts": 1773485028228, "server_ts": 1773485027426, "data": {"e": "aggTrade", "E": 1773485027431, "a": 3200098768, "s": "BTCUSDT", "p": "70509.60", "q": "0.002", "nq": "0.002", "f": 7435602581, "l": 7435602581, "T": 1773485027426, "m": true}}
{"local_ts": 1773485028229, "server_ts": 1773485027426, "data": {"e": "aggTrade", "E": 1773485027431, "a": 3200098769, "s": "BTCUSDT", "p": "70509.20", "q": "0.003", "nq": "0.003", "f": 7435602582, "l": 7435602582, "T": 1773485027426, "m": true}}
{"local_ts": 1773485028229, "server_ts": 1773485027426, "data": {"e": "aggTrade", "E": 1773485027431, "a": 3200098770, "s": "BTCUSDT", "p": "70509.10", "q": "0.002", "nq": "0.002", "f": 7435602583, "l": 7435602583, "T": 1773485027426, "m": true}}
{"local_ts": 1773485028229, "server_ts": 1773485027426, "data": {"e": "aggTrade", "E": 1773485027431, "a": 3200098771, "s": "BTCUSDT", "p": "70509.00", "q": "0.001", "nq": "0.001", "f": 7435602584, "l": 7435602584, "T": 1773485027426, "m": true}}
{"local_ts": 1773485028230, "server_ts": 1773485027426, "data": {"e": "aggTrade", "E": 1773485027431, "a": 3200098772, "s": "BTCUSDT", "p": "70508.90", "q": "0.003", "nq": "0.003", "f": 7435602585, "l": 7435602586, "T": 1773485027426, "m": true}}
{"local_ts": 1773485028230, "server_ts": 1773485027426, "data": {"e": "aggTrade", "E": 1773485027431, "a": 3200098773, "s": "BTCUSDT", "p": "70508.60", "q": "0.001", "nq": "0.001", "f": 7435602587, "l": 7435602587, "T": 1773485027426, "m": true}}
{"local_ts": 1773485028230, "server_ts": 1773485027426, "data": {"e": "aggTrade", "E": 1773485027431, "a": 3200098774, "s": "BTCUSDT", "p": "70508.50", "q": "0.002", "nq": "0.002", "f": 7435602588, "l": 7435602588, "T": 1773485027426, "m": true}}
{"local_ts": 1773485028230, "server_ts": 1773485027426, "data": {"e": "aggTrade", "E": 1773485027431, "a": 3200098775, "s": "BTCUSDT", "p": "70508.40", "q": "0.002", "nq": "0.002", "f": 7435602589, "l": 7435602589, "T": 1773485027426, "m": true}}
{"local_ts": 1773485028231, "server_ts": 1773485027426, "data": {"e": "aggTrade", "E": 1773485027431, "a": 3200098776, "s": "BTCUSDT", "p": "70508.30", "q": "0.006", "nq": "0.006", "f": 7435602590, "l": 7435602592, "T": 1773485027426, "m": true}}
{"local_ts": 1773485028231, "server_ts": 1773485027426, "data": {"e": "aggTrade", "E": 1773485027431, "a": 3200098777, "s": "BTCUSDT", "p": "70507.90", "q": "0.001", "nq": "0.001", "f": 7435602593, "l": 7435602593, "T": 1773485027426, "m": true}}
{"local_ts": 1773485028231, "server_ts": 1773485027426, "data": {"e": "aggTrade", "E": 1773485027431, "a": 3200098778, "s": "BTCUSDT", "p": "70507.80", "q": "0.008", "nq": "0.008", "f": 7435602594, "l": 7435602596, "T": 1773485027426, "m": true}}
{"local_ts": 1773485028231, "server_ts": 1773485027426, "data": {"e": "aggTrade", "E": 1773485027431, "a": 3200098779, "s": "BTCUSDT", "p": "70507.60", "q": "0.003", "nq": "0.003", "f": 7435602597, "l": 7435602597, "T": 1773485027426, "m": true}}
{"local_ts": 1773485028231, "server_ts": 1773485027426, "data": {"e": "aggTrade", "E": 1773485027431, "a": 3200098780, "s": "BTCUSDT", "p": "70507.50", "q": "0.051", "nq": "0.051", "f": 7435602598, "l": 7435602599, "T": 1773485027426, "m": true}}
{"local_ts": 1773485028232, "server_ts": 1773485027427, "data": {"e": "aggTrade", "E": 1773485027431, "a": 3200098781, "s": "BTCUSDT", "p": "70507.40", "q": "0.001", "nq": "0.001", "f": 7435602600, "l": 7435602600, "T": 1773485027427, "m": true}}
{"local_ts": 1773485028232, "server_ts": 1773485027427, "data": {"e": "aggTrade", "E": 1773485027431, "a": 3200098782, "s": "BTCUSDT", "p": "70507.30", "q": "0.002", "nq": "0.002", "f": 7435602601, "l": 7435602601, "T": 1773485027427, "m": true}}
{"local_ts": 1773485028232, "server_ts": 1773485027427, "data": {"e": "aggTrade", "E": 1773485027431, "a": 3200098783, "s": "BTCUSDT", "p": "70507.10", "q": "0.001", "nq": "0.001", "f": 7435602602, "l": 7435602602, "T": 1773485027427, "m": true}}
{"local_ts": 1773485028232, "server_ts": 1773485027427, "data": {"e": "aggTrade", "E": 1773485027431, "a": 3200098784, "s": "BTCUSDT", "p": "70507.00", "q": "0.004", "nq": "0.004", "f": 7435602603, "l": 7435602604, "T": 1773485027427, "m": true}}
{"local_ts": 1773485028232, "server_ts": 1773485027427, "data": {"e": "aggTrade", "E": 1773485027431, "a": 3200098785, "s": "BTCUSDT", "p": "70506.90", "q": "0.396", "nq": "0.396", "f": 7435602605, "l": 7435602608, "T": 1773485027427, "m": true}}
{"local_ts": 1773485028233, "server_ts": 1773485027427, "data": {"e": "aggTrade", "E": 1773485027431, "a": 3200098786, "s": "BTCUSDT", "p": "70506.80", "q": "0.010", "nq": "0.010", "f": 7435602609, "l": 7435602609, "T": 1773485027427, "m": true}}
{"local_ts": 1773485028233, "server_ts": 1773485027427, "data": {"e": "aggTrade", "E": 1773485027431, "a": 3200098787, "s": "BTCUSDT", "p": "70506.70", "q": "0.013", "nq": "0.013", "f": 7435602610, "l": 7435602613, "T": 1773485027427, "m": true}}
{"local_ts": 1773485028233, "server_ts": 1773485027427, "data": {"e": "aggTrade", "E": 1773485027433, "a": 3200098788, "s": "BTCUSDT", "p": "70506.60", "q": "0.010", "nq": "0.010", "f": 7435602614, "l": 7435602616, "T": 1773485027427, "m": true}}
{"local_ts": 1773485028234, "server_ts": 1773485027427, "data": {"e": "aggTrade", "E": 1773485027433, "a": 3200098789, "s": "BTCUSDT", "p": "70506.50", "q": "0.030", "nq": "0.030", "f": 7435602617, "l": 7435602617, "T": 1773485027427, "m": true}}
{"local_ts": 1773485028234, "server_ts": 1773485027427, "data": {"e": "aggTrade", "E": 1773485027433, "a": 3200098790, "s": "BTCUSDT", "p": "70506.30", "q": "0.001", "nq": "0.001", "f": 7435602618, "l": 7435602618, "T": 1773485027427, "m": true}}
{"local_ts": 1773485028234, "server_ts": 1773485027427, "data": {"e": "aggTrade", "E": 1773485027433, "a": 3200098791, "s": "BTCUSDT", "p": "70506.20", "q": "0.003", "nq": "0.003", "f": 7435602619, "l": 7435602619, "T": 1773485027427, "m": true}}
{"local_ts": 1773485028234, "server_ts": 1773485027427, "data": {"e": "aggTrade", "E": 1773485027433, "a": 3200098792, "s": "BTCUSDT", "p": "70506.00", "q": "0.003", "nq": "0.003", "f": 7435602620, "l": 7435602621, "T": 1773485027427, "m": true}}
{"local_ts": 1773485028234, "server_ts": 1773485027427, "data": {"e": "aggTrade", "E": 1773485027439, "a": 3200098793, "s": "BTCUSDT", "p": "70505.90", "q": "0.003", "nq": "0.003", "f": 7435602622, "l": 7435602622, "T": 1773485027427, "m": true}}
{"local_ts": 1773485028235, "server_ts": 1773485027432, "data": {"e": "aggTrade", "E": 1773485027439, "a": 3200098794, "s": "BTCUSDT", "p": "70505.80", "q": "0.003", "nq": "0.003", "f": 7435602623, "l": 7435602624, "T": 1773485027432, "m": true}}
{"local_ts": 1773485028235, "server_ts": 1773485027432, "data": {"e": "aggTrade", "E": 1773485027439, "a": 3200098795, "s": "BTCUSDT", "p": "70505.70", "q": "0.002", "nq": "0.002", "f": 7435602625, "l": 7435602625, "T": 1773485027432, "m": true}}
{"local_ts": 1773485028235, "server_ts": 1773485027432, "data": {"e": "aggTrade", "E": 1773485027439, "a": 3200098796, "s": "BTCUSDT", "p": "70505.60", "q": "0.004", "nq": "0.004", "f": 7435602626, "l": 7435602627, "T": 1773485027432, "m": true}}
{"local_ts": 1773485028235, "server_ts": 1773485027432, "data": {"e": "aggTrade", "E": 1773485027439, "a": 3200098797, "s": "BTCUSDT", "p": "70505.50", "q": "0.005", "nq": "0.005", "f": 7435602628, "l": 7435602629, "T": 1773485027432, "m": true}}
{"local_ts": 1773485028236, "server_ts": 1773485027432, "data": {"e": "aggTrade", "E": 1773485027439, "a": 3200098798, "s": "BTCUSDT", "p": "70505.30", "q": "0.001", "nq": "0.001", "f": 7435602630, "l": 7435602630, "T": 1773485027432, "m": true}}
{"local_ts": 1773485028385, "server_ts": 1773485027432, "data": {"e": "aggTrade", "E": 1773485027590, "a": 3200098799, "s": "BTCUSDT", "p": "70505.20", "q": "0.002", "nq": "0.002", "f": 7435602631, "l": 7435602631, "T": 1773485027432, "m": true}}
{"local_ts": 1773485028460, "server_ts": 1773485027592, "data": {"e": "aggTrade", "E": 1773485027660, "a": 3200098800, "s": "BTCUSDT", "p": "70505.10", "q": "0.431", "nq": "0.431", "f": 7435602632, "l": 7435602632, "T": 1773485027592, "m": false}}
{"local_ts": 1773485028513, "server_ts": 1773485027659, "data": {"e": "aggTrade", "E": 1773485027720, "a": 3200098801, "s": "BTCUSDT", "p": "70505.00", "q": "0.279", "nq": "0.279", "f": 7435602633, "l": 7435602634, "T": 1773485027659, "m": true}}
{"local_ts": 1773485028516, "server_ts": 1773485027717, "data": {"e": "aggTrade", "E": 1773485027722, "a": 3200098802, "s": "BTCUSDT", "p": "70505.10", "q": "0.002", "nq": "0.002", "f": 7435602635, "l": 7435602635, "T": 1773485027717, "m": false}}
{"local_ts": 1773485028519, "server_ts": 1773485027719, "data": {"e": "aggTrade", "E": 1773485027725, "a": 3200098803, "s": "BTCUSDT", "p": "70505.00", "q": "2.052", "nq": "2.052", "f": 7435602636, "l": 7435602639, "T": 1773485027719, "m": true}}
{"local_ts": 1773485028519, "server_ts": 1773485027721, "data": {"e": "aggTrade", "E": 1773485027725, "a": 3200098804, "s": "BTCUSDT", "p": "70504.90", "q": "0.002", "nq": "0.002", "f": 7435602640, "l": 7435602640, "T": 1773485027721, "m": true}}
{"local_ts": 1773485028520, "server_ts": 1773485027721, "data": {"e": "aggTrade", "E": 1773485027725, "a": 3200098805, "s": "BTCUSDT", "p": "70504.80", "q": "0.002", "nq": "0.002", "f": 7435602641, "l": 7435602641, "T": 1773485027721, "m": true}}
{"local_ts": 1773485028520, "server_ts": 1773485027721, "data": {"e": "aggTrade", "E": 1773485027725, "a": 3200098806, "s": "BTCUSDT", "p": "70504.70", "q": "0.004", "nq": "0.004", "f": 7435602642, "l": 7435602643, "T": 1773485027721, "m": true}}
{"local_ts": 1773485028520, "server_ts": 1773485027721, "data": {"e": "aggTrade", "E": 1773485027725, "a": 3200098807, "s": "BTCUSDT", "p": "70504.20", "q": "0.002", "nq": "0.002", "f": 7435602644, "l": 7435602644, "T": 1773485027721, "m": true}}
{"local_ts": 1773485028520, "server_ts": 1773485027721, "data": {"e": "aggTrade", "E": 1773485027725, "a": 3200098808, "s": "BTCUSDT", "p": "70504.10", "q": "0.002", "nq": "0.002", "f": 7435602645, "l": 7435602645, "T": 1773485027721, "m": true}}
{"local_ts": 1773485028521, "server_ts": 1773485027721, "data": {"e": "aggTrade", "E": 1773485027725, "a": 3200098809, "s": "BTCUSDT", "p": "70504.00", "q": "0.009", "nq": "0.009", "f": 7435602646, "l": 7435602648, "T": 1773485027721, "m": true}}
{"local_ts": 1773485028549, "server_ts": 1773485027721, "data": {"e": "aggTrade", "E": 1773485027754, "a": 3200098810, "s": "BTCUSDT", "p": "70503.80", "q": "0.001", "nq": "0.001", "f": 7435602649, "l": 7435602649, "T": 1773485027721, "m": true}}
{"local_ts": 1773485028552, "server_ts": 1773485027749, "data": {"e": "aggTrade", "E": 1773485027758, "a": 3200098811, "s": "BTCUSDT", "p": "70503.60", "q": "0.008", "nq": "0.008", "f": 7435602650, "l": 7435602652, "T": 1773485027749, "m": true}}
{"local_ts": 1773485028553, "server_ts": 1773485027752, "data": {"e": "aggTrade", "E": 1773485027758, "a": 3200098812, "s": "BTCUSDT", "p": "70503.50", "q": "0.002", "nq": "0.002", "f": 7435602653, "l": 7435602653, "T": 1773485027752, "m": true}}
{"local_ts": 1773485028553, "server_ts": 1773485027752, "data": {"e": "aggTrade", "E": 1773485027758, "a": 3200098813, "s": "BTCUSDT", "p": "70503.40", "q": "0.002", "nq": "0.002", "f": 7435602654, "l": 7435602654, "T": 1773485027752, "m": true}}
{"local_ts": 1773485028554, "server_ts": 1773485027752, "data": {"e": "aggTrade", "E": 1773485027758, "a": 3200098814, "s": "BTCUSDT", "p": "70502.90", "q": "0.005", "nq": "0.005", "f": 7435602655, "l": 7435602656, "T": 1773485027752, "m": true}}
{"local_ts": 1773485028554, "server_ts": 1773485027752, "data": {"e": "aggTrade", "E": 1773485027758, "a": 3200098815, "s": "BTCUSDT", "p": "70502.70", "q": "0.002", "nq": "0.002", "f": 7435602657, "l": 7435602657, "T": 1773485027752, "m": true}}
{"local_ts": 1773485028555, "server_ts": 1773485027752, "data": {"e": "aggTrade", "E": 1773485027758, "a": 3200098816, "s": "BTCUSDT", "p": "70502.50", "q": "0.001", "nq": "0.001", "f": 7435602658, "l": 7435602658, "T": 1773485027752, "m": true}}
{"local_ts": 1773485028556, "server_ts": 1773485027752, "data": {"e": "aggTrade", "E": 1773485027758, "a": 3200098817, "s": "BTCUSDT", "p": "70502.40", "q": "0.005", "nq": "0.005", "f": 7435602659, "l": 7435602660, "T": 1773485027752, "m": true}}
{"local_ts": 1773485028556, "server_ts": 1773485027752, "data": {"e": "aggTrade", "E": 1773485027758, "a": 3200098818, "s": "BTCUSDT", "p": "70502.30", "q": "0.002", "nq": "0.002", "f": 7435602661, "l": 7435602661, "T": 1773485027752, "m": true}}
{"local_ts": 1773485028556, "server_ts": 1773485027752, "data": {"e": "aggTrade", "E": 1773485027758, "a": 3200098819, "s": "BTCUSDT", "p": "70502.20", "q": "0.002", "nq": "0.002", "f": 7435602662, "l": 7435602662, "T": 1773485027752, "m": true}}
{"local_ts": 1773485028638, "server_ts": 1773485027752, "data": {"e": "aggTrade", "E": 1773485027843, "a": 3200098820, "s": "BTCUSDT", "p": "70502.10", "q": "0.001", "nq": "0.001", "f": 7435602663, "l": 7435602663, "T": 1773485027752, "m": true}}
{"local_ts": 1773485028642, "server_ts": 1773485027840, "data": {"e": "aggTrade", "E": 1773485027849, "a": 3200098821, "s": "BTCUSDT", "p": "70502.00", "q": "0.033", "nq": "0.033", "f": 7435602664, "l": 7435602668, "T": 1773485027840, "m": true}}
{"local_ts": 1773485028643, "server_ts": 1773485027844, "data": {"e": "aggTrade", "E": 1773485027849, "a": 3200098822, "s": "BTCUSDT", "p": "70501.90", "q": "0.002", "nq": "0.002", "f": 7435602669, "l": 7435602669, "T": 1773485027844, "m": true}}
{"local_ts": 1773485028643, "server_ts": 1773485027844, "data": {"e": "aggTrade", "E": 1773485027849, "a": 3200098823, "s": "BTCUSDT", "p": "70501.70", "q": "0.003", "nq": "0.003", "f": 7435602670, "l": 7435602670, "T": 1773485027844, "m": true}}
{"local_ts": 1773485028643, "server_ts": 1773485027844, "data": {"e": "aggTrade", "E": 1773485027849, "a": 3200098824, "s": "BTCUSDT", "p": "70501.50", "q": "0.002", "nq": "0.002", "f": 7435602671, "l": 7435602671, "T": 1773485027844, "m": true}}
{"local_ts": 1773485028644, "server_ts": 1773485027844, "data": {"e": "aggTrade", "E": 1773485027849, "a": 3200098825, "s": "BTCUSDT", "p": "70501.30", "q": "0.007", "nq": "0.007", "f": 7435602672, "l": 7435602674, "T": 1773485027844, "m": true}}
{"local_ts": 1773485028644, "server_ts": 1773485027844, "data": {"e": "aggTrade", "E": 1773485027849, "a": 3200098826, "s": "BTCUSDT", "p": "70501.20", "q": "0.003", "nq": "0.003", "f": 7435602675, "l": 7435602675, "T": 1773485027844, "m": true}}
{"local_ts": 1773485028644, "server_ts": 1773485027844, "data": {"e": "aggTrade", "E": 1773485027849, "a": 3200098827, "s": "BTCUSDT", "p": "70501.10", "q": "0.007", "nq": "0.007", "f": 7435602676, "l": 7435602677, "T": 1773485027844, "m": true}}
{"local_ts": 1773485028794, "server_ts": 1773485027846, "data": {"e": "aggTrade", "E": 1773485028000, "a": 3200098828, "s": "BTCUSDT", "p": "70501.00", "q": "0.002", "nq": "0.002", "f": 7435602678, "l": 7435602678, "T": 1773485027846, "m": true}}
{"local_ts": 1773485029617, "server_ts": 1773485028814, "data": {"e": "aggTrade", "E": 1773485028819, "a": 3200098829, "s": "BTCUSDT", "p": "70501.10", "q": "0.022", "nq": "0.022", "f": 7435602679, "l": 7435602679, "T": 1773485028814, "m": false}}
{"local_ts": 1773485029618, "server_ts": 1773485028816, "data": {"e": "aggTrade", "E": 1773485028822, "a": 3200098830, "s": "BTCUSDT", "p": "70501.00", "q": "0.122", "nq": "0.122", "f": 7435602680, "l": 7435602684, "T": 1773485028816, "m": true}}
{"local_ts": 1773485029618, "server_ts": 1773485028817, "data": {"e": "aggTrade", "E": 1773485028822, "a": 3200098831, "s": "BTCUSDT", "p": "70500.90", "q": "0.002", "nq": "0.002", "f": 7435602685, "l": 7435602685, "T": 1773485028817, "m": true}}
{"local_ts": 1773485029619, "server_ts": 1773485028817, "data": {"e": "aggTrade", "E": 1773485028822, "a": 3200098832, "s": "BTCUSDT", "p": "70500.80", "q": "0.002", "nq": "0.002", "f": 7435602686, "l": 7435602686, "T": 1773485028817, "m": true}}
{"local_ts": 1773485029619, "server_ts": 1773485028817, "data": {"e": "aggTrade", "E": 1773485028822, "a": 3200098833, "s": "BTCUSDT", "p": "70500.60", "q": "0.007", "nq": "0.007", "f": 7435602687, "l": 7435602689, "T": 1773485028817, "m": true}}
{"local_ts": 1773485029620, "server_ts": 1773485028817, "data": {"e": "aggTrade", "E": 1773485028822, "a": 3200098834, "s": "BTCUSDT", "p": "70500.50", "q": "0.002", "nq": "0.002", "f": 7435602690, "l": 7435602690, "T": 1773485028817, "m": true}}
{"local_ts": 1773485029766, "server_ts": 1773485028817, "data": {"e": "aggTrade", "E": 1773485028973, "a": 3200098835, "s": "BTCUSDT", "p": "70500.40", "q": "0.004", "nq": "0.004", "f": 7435602691, "l": 7435602691, "T": 1773485028817, "m": true}}
{"local_ts": 1773485029886, "server_ts": 1773485028980, "data": {"e": "aggTrade", "E": 1773485029090, "a": 3200098836, "s": "BTCUSDT", "p": "70500.10", "q": "0.008", "nq": "0.008", "f": 7435602692, "l": 7435602692, "T": 1773485028980, "m": false}}
{"local_ts": 1773485030039, "server_ts": 1773485029087, "data": {"e": "aggTrade", "E": 1773485029241, "a": 3200098837, "s": "BTCUSDT", "p": "70500.10", "q": "0.031", "nq": "0.031", "f": 7435602693, "l": 7435602693, "T": 1773485029087, "m": false}}
{"local_ts": 1773485030200, "server_ts": 1773485029251, "data": {"e": "aggTrade", "E": 1773485029405, "a": 3200098838, "s": "BTCUSDT", "p": "70500.10", "q": "0.019", "nq": "0.019", "f": 7435602694, "l": 7435602696, "T": 1773485029251, "m": false}}
{"local_ts": 1773485030672, "server_ts": 1773485029726, "data": {"e": "aggTrade", "E": 1773485029879, "a": 3200098839, "s": "BTCUSDT", "p": "70500.00", "q": "0.010", "nq": "0.010", "f": 7435602697, "l": 7435602697, "T": 1773485029726, "m": true}}
{"local_ts": 1773485030762, "server_ts": 1773485029963, "data": {"e": "aggTrade", "E": 1773485029965, "a": 3200098840, "s": "BTCUSDT", "p": "70500.00", "q": "0.327", "nq": "0.327", "f": 7435602698, "l": 7435602708, "T": 1773485029963, "m": true}}
{"local_ts": 1773485030764, "server_ts": 1773485029963, "data": {"e": "aggTrade", "E": 1773485029970, "a": 3200098841, "s": "BTCUSDT", "p": "70499.90", "q": "0.002", "nq": "0.002", "f": 7435602709, "l": 7435602709, "T": 1773485029963, "m": true}}
{"local_ts": 1773485030764, "server_ts": 1773485029964, "data": {"e": "aggTrade", "E": 1773485029970, "a": 3200098842, "s": "BTCUSDT", "p": "70499.80", "q": "0.002", "nq": "0.002", "f": 7435602710, "l": 7435602710, "T": 1773485029964, "m": true}}
{"local_ts": 1773485030765, "server_ts": 1773485029964, "data": {"e": "aggTrade", "E": 1773485029970, "a": 3200098843, "s": "BTCUSDT", "p": "70499.50", "q": "0.006", "nq": "0.006", "f": 7435602711, "l": 7435602711, "T": 1773485029964, "m": true}}
{"local_ts": 1773485030765, "server_ts": 1773485029964, "data": {"e": "aggTrade", "E": 1773485029970, "a": 3200098844, "s": "BTCUSDT", "p": "70499.20", "q": "0.003", "nq": "0.003", "f": 7435602712, "l": 7435602713, "T": 1773485029964, "m": true}}
{"local_ts": 1773485030767, "server_ts": 1773485029964, "data": {"e": "aggTrade", "E": 1773485029974, "a": 3200098845, "s": "BTCUSDT", "p": "70499.00", "q": "0.004", "nq": "0.004", "f": 7435602714, "l": 7435602715, "T": 1773485029964, "m": true}}
{"local_ts": 1773485030768, "server_ts": 1773485029966, "data": {"e": "aggTrade", "E": 1773485029974, "a": 3200098846, "s": "BTCUSDT", "p": "70498.80", "q": "0.002", "nq": "0.002", "f": 7435602716, "l": 7435602716, "T": 1773485029966, "m": true}}
{"local_ts": 1773485030768, "server_ts": 1773485029966, "data": {"e": "aggTrade", "E": 1773485029974, "a": 3200098847, "s": "BTCUSDT", "p": "70498.70", "q": "0.002", "nq": "0.002", "f": 7435602717, "l": 7435602717, "T": 1773485029966, "m": true}}
{"local_ts": 1773485030772, "server_ts": 1773485029966, "data": {"e": "aggTrade", "E": 1773485029979, "a": 3200098848, "s": "BTCUSDT", "p": "70498.60", "q": "0.001", "nq": "0.001", "f": 7435602718, "l": 7435602718, "T": 1773485029966, "m": true}}
{"local_ts": 1773485030772, "server_ts": 1773485029971, "data": {"e": "aggTrade", "E": 1773485029979, "a": 3200098849, "s": "BTCUSDT", "p": "70498.50", "q": "0.007", "nq": "0.007", "f": 7435602719, "l": 7435602720, "T": 1773485029971, "m": true}}
{"local_ts": 1773485030773, "server_ts": 1773485029971, "data": {"e": "aggTrade", "E": 1773485029979, "a": 3200098850, "s": "BTCUSDT", "p": "70498.30", "q": "0.005", "nq": "0.005", "f": 7435602721, "l": 7435602722, "T": 1773485029971, "m": true}}
{"local_ts": 1773485030773, "server_ts": 1773485029971, "data": {"e": "aggTrade", "E": 1773485029979, "a": 3200098851, "s": "BTCUSDT", "p": "70498.00", "q": "0.001", "nq": "0.001", "f": 7435602723, "l": 7435602723, "T": 1773485029971, "m": true}}
{"local_ts": 1773485030773, "server_ts": 1773485029971, "data": {"e": "aggTrade", "E": 1773485029979, "a": 3200098852, "s": "BTCUSDT", "p": "70497.80", "q": "0.002", "nq": "0.002", "f": 7435602724, "l": 7435602724, "T": 1773485029971, "m": true}}
{"local_ts": 1773485030776, "server_ts": 1773485029971, "data": {"e": "aggTrade", "E": 1773485029982, "a": 3200098853, "s": "BTCUSDT", "p": "70497.70", "q": "0.001", "nq": "0.001", "f": 7435602725, "l": 7435602725, "T": 1773485029971, "m": true}}
{"local_ts": 1773485030776, "server_ts": 1773485029975, "data": {"e": "aggTrade", "E": 1773485029982, "a": 3200098854, "s": "BTCUSDT", "p": "70497.60", "q": "0.005", "nq": "0.005", "f": 7435602726, "l": 7435602727, "T": 1773485029975, "m": true}}
{"local_ts": 1773485030777, "server_ts": 1773485029975, "data": {"e": "aggTrade", "E": 1773485029982, "a": 3200098855, "s": "BTCUSDT", "p": "70497.50", "q": "0.002", "nq": "0.002", "f": 7435602728, "l": 7435602728, "T": 1773485029975, "m": true}}
{"local_ts": 1773485030777, "server_ts": 1773485029975, "data": {"e": "aggTrade", "E": 1773485029982, "a": 3200098856, "s": "BTCUSDT", "p": "70497.20", "q": "0.002", "nq": "0.002", "f": 7435602729, "l": 7435602729, "T": 1773485029975, "m": true}}
{"local_ts": 1773485030778, "server_ts": 1773485029975, "data": {"e": "aggTrade", "E": 1773485029982, "a": 3200098857, "s": "BTCUSDT", "p": "70497.10", "q": "0.005", "nq": "0.005", "f": 7435602730, "l": 7435602732, "T": 1773485029975, "m": true}}
{"local_ts": 1773485030778, "server_ts": 1773485029975, "data": {"e": "aggTrade", "E": 1773485029982, "a": 3200098858, "s": "BTCUSDT", "p": "70497.00", "q": "0.004", "nq": "0.004", "f": 7435602733, "l": 7435602734, "T": 1773485029975, "m": true}}
{"local_ts": 1773485030778, "server_ts": 1773485029975, "data": {"e": "aggTrade", "E": 1773485029982, "a": 3200098859, "s": "BTCUSDT", "p": "70496.90", "q": "0.004", "nq": "0.004", "f": 7435602735, "l": 7435602736, "T": 1773485029975, "m": true}}
{"local_ts": 1773485030836, "server_ts": 1773485029975, "data": {"e": "aggTrade", "E": 1773485030043, "a": 3200098860, "s": "BTCUSDT", "p": "70496.70", "q": "0.001", "nq": "0.001", "f": 7435602737, "l": 7435602737, "T": 1773485029975, "m": true}}
{"local_ts": 1773485030837, "server_ts": 1773485030039, "data": {"e": "aggTrade", "E": 1773485030043, "a": 3200098861, "s": "BTCUSDT", "p": "70496.50", "q": "0.007", "nq": "0.007", "f": 7435602738, "l": 7435602740, "T": 1773485030039, "m": true}}
{"local_ts": 1773485030838, "server_ts": 1773485030039, "data": {"e": "aggTrade", "E": 1773485030043, "a": 3200098862, "s": "BTCUSDT", "p": "70496.30", "q": "0.002", "nq": "0.002", "f": 7435602741, "l": 7435602741, "T": 1773485030039, "m": true}}
{"local_ts": 1773485030838, "server_ts": 1773485030039, "data": {"e": "aggTrade", "E": 1773485030043, "a": 3200098863, "s": "BTCUSDT", "p": "70496.20", "q": "0.006", "nq": "0.006", "f": 7435602742, "l": 7435602744, "T": 1773485030039, "m": true}}
{"local_ts": 1773485030838, "server_ts": 1773485030039, "data": {"e": "aggTrade", "E": 1773485030043, "a": 3200098864, "s": "BTCUSDT", "p": "70495.90", "q": "0.003", "nq": "0.003", "f": 7435602745, "l": 7435602745, "T": 1773485030039, "m": true}}
{"local_ts": 1773485030839, "server_ts": 1773485030039, "data": {"e": "aggTrade", "E": 1773485030043, "a": 3200098865, "s": "BTCUSDT", "p": "70495.80", "q": "0.001", "nq": "0.001", "f": 7435602746, "l": 7435602746, "T": 1773485030039, "m": true}}
{"local_ts": 1773485030839, "server_ts": 1773485030039, "data": {"e": "aggTrade", "E": 1773485030043, "a": 3200098866, "s": "BTCUSDT", "p": "70495.50", "q": "0.003", "nq": "0.003", "f": 7435602747, "l": 7435602748, "T": 1773485030039, "m": true}}
{"local_ts": 1773485030997, "server_ts": 1773485030039, "data": {"e": "aggTrade", "E": 1773485030194, "a": 3200098867, "s": "BTCUSDT", "p": "70495.40", "q": "0.001", "nq": "0.001", "f": 7435602749, "l": 7435602749, "T": 1773485030039, "m": true}}
{"local_ts": 1773485031265, "server_ts": 1773485030318, "data": {"e": "aggTrade", "E": 1773485030471, "a": 3200098868, "s": "BTCUSDT", "p": "70495.40", "q": "0.015", "nq": "0.015", "f": 7435602751, "l": 7435602751, "T": 1773485030318, "m": false}}
{"local_ts": 1773485031600, "server_ts": 1773485030796, "data": {"e": "aggTrade", "E": 1773485030805, "a": 3200098869, "s": "BTCUSDT", "p": "70495.30", "q": "0.112", "nq": "0.112", "f": 7435602752, "l": 7435602758, "T": 1773485030796, "m": true}}
{"local_ts": 1773485031723, "server_ts": 1773485030801, "data": {"e": "aggTrade", "E": 1773485030929, "a": 3200098870, "s": "BTCUSDT", "p": "70495.20", "q": "0.025", "nq": "0.025", "f": 7435602759, "l": 7435602762, "T": 1773485030801, "m": true}}
{"local_ts": 1773485031877, "server_ts": 1773485030926, "data": {"e": "aggTrade", "E": 1773485031080, "a": 3200098871, "s": "BTCUSDT", "p": "70495.30", "q": "0.011", "nq": "0.011", "f": 7435602763, "l": 7435602763, "T": 1773485030926, "m": false}}
{"local_ts": 1773485032107, "server_ts": 1773485031195, "data": {"e": "aggTrade", "E": 1773485031315, "a": 3200098872, "s": "BTCUSDT", "p": "70495.20", "q": "0.053", "nq": "0.053", "f": 7435602764, "l": 7435602764, "T": 1773485031195, "m": true}}
{"local_ts": 1773485032261, "server_ts": 1773485031313, "data": {"e": "aggTrade", "E": 1773485031466, "a": 3200098873, "s": "BTCUSDT", "p": "70495.30", "q": "0.016", "nq": "0.016", "f": 7435602765, "l": 7435602765, "T": 1773485031313, "m": false}}
{"local_ts": 1773485032904, "server_ts": 1773485031958, "data": {"e": "aggTrade", "E": 1773485032111, "a": 3200098874, "s": "BTCUSDT", "p": "70495.30", "q": "0.017", "nq": "0.017", "f": 7435602766, "l": 7435602766, "T": 1773485031958, "m": false}}
{"local_ts": 1773485033154, "server_ts": 1773485032207, "data": {"e": "aggTrade", "E": 1773485032359, "a": 3200098875, "s": "BTCUSDT", "p": "70495.30", "q": "0.016", "nq": "0.016", "f": 7435602767, "l": 7435602767, "T": 1773485032207, "m": false}}
{"local_ts": 1773485033530, "server_ts": 1773485032605, "data": {"e": "aggTrade", "E": 1773485032734, "a": 3200098876, "s": "BTCUSDT", "p": "70495.30", "q": "0.158", "nq": "0.158", "f": 7435602768, "l": 7435602768, "T": 1773485032605, "m": false}}
{"local_ts": 1773485033561, "server_ts": 1773485032732, "data": {"e": "aggTrade", "E": 1773485032761, "a": 3200098877, "s": "BTCUSDT", "p": "70495.30", "q": "0.055", "nq": "0.055", "f": 7435602769, "l": 7435602769, "T": 1773485032732, "m": false}}
{"local_ts": 1773485033707, "server_ts": 1773485032758, "data": {"e": "aggTrade", "E": 1773485032895, "a": 3200098878, "s": "BTCUSDT", "p": "70495.20", "q": "0.008", "nq": "0.008", "f": 7435602770, "l": 7435602770, "T": 1773485032758, "m": true}}
{"local_ts": 1773485033840, "server_ts": 1773485032892, "data": {"e": "aggTrade", "E": 1773485033046, "a": 3200098879, "s": "BTCUSDT", "p": "70495.20", "q": "0.001", "nq": "0.001", "f": 7435602771, "l": 7435602771, "T": 1773485032892, "m": true}}
{"local_ts": 1773485034579, "server_ts": 1773485033633, "data": {"e": "aggTrade", "E": 1773485033786, "a": 3200098880, "s": "BTCUSDT", "p": "70495.30", "q": "0.020", "nq": "0.020", "f": 7435602772, "l": 7435602772, "T": 1773485033633, "m": false}}
{"local_ts": 1773485035168, "server_ts": 1773485034261, "data": {"e": "aggTrade", "E": 1773485034375, "a": 3200098881, "s": "BTCUSDT", "p": "70495.30", "q": "0.293", "nq": "0.293", "f": 7435602773, "l": 7435602773, "T": 1773485034261, "m": false}}
{"local_ts": 1773485035321, "server_ts": 1773485034373, "data": {"e": "aggTrade", "E": 1773485034527, "a": 3200098882, "s": "BTCUSDT", "p": "70495.30", "q": "0.002", "nq": "0.002", "f": 7435602774, "l": 7435602774, "T": 1773485034373, "m": false}}
{"local_ts": 1773485035602, "server_ts": 1773485034656, "data": {"e": "aggTrade", "E": 1773485034809, "a": 3200098883, "s": "BTCUSDT", "p": "70495.20", "q": "0.047", "nq": "0.047", "f": 7435602775, "l": 7435602778, "T": 1773485034656, "m": true}}
{"local_ts": 1773485035890, "server_ts": 1773485034943, "data": {"e": "aggTrade", "E": 1773485035097, "a": 3200098884, "s": "BTCUSDT", "p": "70495.30", "q": "0.017", "nq": "0.017", "f": 7435602779, "l": 7435602779, "T": 1773485034943, "m": false}}
{"local_ts": 1773485036371, "server_ts": 1773485035426, "data": {"e": "aggTrade", "E": 1773485035579, "a": 3200098885, "s": "BTCUSDT", "p": "70495.30", "q": "0.008", "nq": "0.008", "f": 7435602780, "l": 7435602781, "T": 1773485035426, "m": false}}
{"local_ts": 1773485036548, "server_ts": 1773485035646, "data": {"e": "aggTrade", "E": 1773485035753, "a": 3200098886, "s": "BTCUSDT", "p": "70495.30", "q": "0.002", "nq": "0.002", "f": 7435602782, "l": 7435602782, "T": 1773485035646, "m": false}}
{"local_ts": 1773485036640, "server_ts": 1773485035751, "data": {"e": "aggTrade", "E": 1773485035838, "a": 3200098887, "s": "BTCUSDT", "p": "70495.20", "q": "0.131", "nq": "0.131", "f": 7435602783, "l": 7435602793, "T": 1773485035751, "m": true}}
{"local_ts": 1773485036641, "server_ts": 1773485035834, "data": {"e": "aggTrade", "E": 1773485035838, "a": 3200098888, "s": "BTCUSDT", "p": "70495.10", "q": "0.008", "nq": "0.008", "f": 7435602794, "l": 7435602796, "T": 1773485035834, "m": true}}
{"local_ts": 1773485036641, "server_ts": 1773485035834, "data": {"e": "aggTrade", "E": 1773485035838, "a": 3200098889, "s": "BTCUSDT", "p": "70494.40", "q": "0.002", "nq": "0.002", "f": 7435602797, "l": 7435602797, "T": 1773485035834, "m": true}}
{"local_ts": 1773485036642, "server_ts": 1773485035834, "data": {"e": "aggTrade", "E": 1773485035838, "a": 3200098890, "s": "BTCUSDT", "p": "70494.30", "q": "0.005", "nq": "0.005", "f": 7435602798, "l": 7435602800, "T": 1773485035834, "m": true}}
{"local_ts": 1773485036642, "server_ts": 1773485035834, "data": {"e": "aggTrade", "E": 1773485035838, "a": 3200098891, "s": "BTCUSDT", "p": "70494.00", "q": "0.009", "nq": "0.009", "f": 7435602801, "l": 7435602807, "T": 1773485035834, "m": true}}
{"local_ts": 1773485036642, "server_ts": 1773485035834, "data": {"e": "aggTrade", "E": 1773485035838, "a": 3200098892, "s": "BTCUSDT", "p": "70493.90", "q": "0.003", "nq": "0.003", "f": 7435602808, "l": 7435602810, "T": 1773485035834, "m": true}}
{"local_ts": 1773485036643, "server_ts": 1773485035834, "data": {"e": "aggTrade", "E": 1773485035838, "a": 3200098893, "s": "BTCUSDT", "p": "70493.70", "q": "0.001", "nq": "0.001", "f": 7435602811, "l": 7435602811, "T": 1773485035834, "m": true}}
{"local_ts": 1773485036643, "server_ts": 1773485035834, "data": {"e": "aggTrade", "E": 1773485035838, "a": 3200098894, "s": "BTCUSDT", "p": "70493.60", "q": "0.005", "nq": "0.005", "f": 7435602812, "l": 7435602815, "T": 1773485035834, "m": true}}
{"local_ts": 1773485036644, "server_ts": 1773485035834, "data": {"e": "aggTrade", "E": 1773485035838, "a": 3200098895, "s": "BTCUSDT", "p": "70493.50", "q": "0.005", "nq": "0.005", "f": 7435602816, "l": 7435602817, "T": 1773485035834, "m": true}}
{"local_ts": 1773485036644, "server_ts": 1773485035834, "data": {"e": "aggTrade", "E": 1773485035838, "a": 3200098896, "s": "BTCUSDT", "p": "70493.40", "q": "0.002", "nq": "0.002", "f": 7435602818, "l": 7435602818, "T": 1773485035834, "m": true}}
{"local_ts": 1773485036644, "server_ts": 1773485035834, "data": {"e": "aggTrade", "E": 1773485035838, "a": 3200098897, "s": "BTCUSDT", "p": "70493.20", "q": "0.001", "nq": "0.001", "f": 7435602819, "l": 7435602819, "T": 1773485035834, "m": true}}
{"local_ts": 1773485036645, "server_ts": 1773485035834, "data": {"e": "aggTrade", "E": 1773485035838, "a": 3200098898, "s": "BTCUSDT", "p": "70493.10", "q": "0.008", "nq": "0.008", "f": 7435602820, "l": 7435602822, "T": 1773485035834, "m": true}}
{"local_ts": 1773485036645, "server_ts": 1773485035834, "data": {"e": "aggTrade", "E": 1773485035838, "a": 3200098899, "s": "BTCUSDT", "p": "70493.00", "q": "0.012", "nq": "0.012", "f": 7435602823, "l": 7435602825, "T": 1773485035834, "m": true}}
{"local_ts": 1773485036645, "server_ts": 1773485035834, "data": {"e": "aggTrade", "E": 1773485035838, "a": 3200098900, "s": "BTCUSDT", "p": "70492.90", "q": "0.002", "nq": "0.002", "f": 7435602826, "l": 7435602826, "T": 1773485035834, "m": true}}
{"local_ts": 1773485036646, "server_ts": 1773485035834, "data": {"e": "aggTrade", "E": 1773485035838, "a": 3200098901, "s": "BTCUSDT", "p": "70492.80", "q": "0.001", "nq": "0.001", "f": 7435602827, "l": 7435602827, "T": 1773485035834, "m": true}}
{"local_ts": 1773485036646, "server_ts": 1773485035834, "data": {"e": "aggTrade", "E": 1773485035838, "a": 3200098902, "s": "BTCUSDT", "p": "70492.60", "q": "0.005", "nq": "0.005", "f": 7435602828, "l": 7435602829, "T": 1773485035834, "m": true}}
{"local_ts": 1773485036647, "server_ts": 1773485035834, "data": {"e": "aggTrade", "E": 1773485035838, "a": 3200098903, "s": "BTCUSDT", "p": "70492.50", "q": "0.005", "nq": "0.005", "f": 7435602830, "l": 7435602832, "T": 1773485035834, "m": true}}
{"local_ts": 1773485036647, "server_ts": 1773485035834, "data": {"e": "aggTrade", "E": 1773485035838, "a": 3200098904, "s": "BTCUSDT", "p": "70492.40", "q": "0.002", "nq": "0.002", "f": 7435602833, "l": 7435602833, "T": 1773485035834, "m": true}}
{"local_ts": 1773485036648, "server_ts": 1773485035834, "data": {"e": "aggTrade", "E": 1773485035838, "a": 3200098905, "s": "BTCUSDT", "p": "70492.30", "q": "0.003", "nq": "0.003", "f": 7435602834, "l": 7435602835, "T": 1773485035834, "m": true}}
{"local_ts": 1773485036648, "server_ts": 1773485035834, "data": {"e": "aggTrade", "E": 1773485035838, "a": 3200098906, "s": "BTCUSDT", "p": "70492.20", "q": "0.004", "nq": "0.004", "f": 7435602836, "l": 7435602837, "T": 1773485035834, "m": true}}
{"local_ts": 1773485036649, "server_ts": 1773485035834, "data": {"e": "aggTrade", "E": 1773485035838, "a": 3200098907, "s": "BTCUSDT", "p": "70492.10", "q": "0.004", "nq": "0.004", "f": 7435602838, "l": 7435602839, "T": 1773485035834, "m": true}}
{"local_ts": 1773485036649, "server_ts": 1773485035834, "data": {"e": "aggTrade", "E": 1773485035838, "a": 3200098908, "s": "BTCUSDT", "p": "70491.80", "q": "0.001", "nq": "0.001", "f": 7435602840, "l": 7435602840, "T": 1773485035834, "m": true}}
{"local_ts": 1773485036780, "server_ts": 1773485035834, "data": {"e": "aggTrade", "E": 1773485035987, "a": 3200098909, "s": "BTCUSDT", "p": "70491.60", "q": "0.069", "nq": "0.069", "f": 7435602841, "l": 7435602846, "T": 1773485035834, "m": true}}
{"local_ts": 1773485036930, "server_ts": 1773485035986, "data": {"e": "aggTrade", "E": 1773485036138, "a": 3200098910, "s": "BTCUSDT", "p": "70491.70", "q": "0.008", "nq": "0.008", "f": 7435602847, "l": 7435602847, "T": 1773485035986, "m": false}}
{"local_ts": 1773485037196, "server_ts": 1773485036279, "data": {"e": "aggTrade", "E": 1773485036402, "a": 3200098911, "s": "BTCUSDT", "p": "70491.70", "q": "0.011", "nq": "0.011", "f": 7435602848, "l": 7435602849, "T": 1773485036279, "m": false}}
{"local_ts": 1773485037347, "server_ts": 1773485036399, "data": {"e": "aggTrade", "E": 1773485036553, "a": 3200098912, "s": "BTCUSDT", "p": "70491.70", "q": "0.015", "nq": "0.015", "f": 7435602850, "l": 7435602850, "T": 1773485036399, "m": false}}
{"local_ts": 1773485037554, "server_ts": 1773485036672, "data": {"e": "aggTrade", "E": 1773485036758, "a": 3200098913, "s": "BTCUSDT", "p": "70491.70", "q": "0.026", "nq": "0.026", "f": 7435602851, "l": 7435602852, "T": 1773485036672, "m": false}}
{"local_ts": 1773485037705, "server_ts": 1773485036755, "data": {"e": "aggTrade", "E": 1773485036909, "a": 3200098914, "s": "BTCUSDT", "p": "70491.60", "q": "0.029", "nq": "0.029", "f": 7435602853, "l": 7435602853, "T": 1773485036755, "m": true}}
{"local_ts": 1773485038374, "server_ts": 1773485037430, "data": {"e": "aggTrade", "E": 1773485037582, "a": 3200098915, "s": "BTCUSDT", "p": "70491.70", "q": "0.002", "nq": "0.002", "f": 7435602854, "l": 7435602854, "T": 1773485037430, "m": false}}
{"local_ts": 1773485038534, "server_ts": 1773485037587, "data": {"e": "aggTrade", "E": 1773485037739, "a": 3200098916, "s": "BTCUSDT", "p": "70491.60", "q": "0.002", "nq": "0.002", "f": 7435602855, "l": 7435602855, "T": 1773485037587, "m": true}}
{"local_ts": 1773485039010, "server_ts": 1773485038059, "data": {"e": "aggTrade", "E": 1773485038213, "a": 3200098917, "s": "BTCUSDT", "p": "70491.60", "q": "0.002", "nq": "0.002", "f": 7435602856, "l": 7435602856, "T": 1773485038059, "m": true}}
{"local_ts": 1773485039208, "server_ts": 1773485038258, "data": {"e": "aggTrade", "E": 1773485038412, "a": 3200098918, "s": "BTCUSDT", "p": "70491.60", "q": "0.156", "nq": "0.156", "f": 7435602857, "l": 7435602859, "T": 1773485038258, "m": true}}
{"local_ts": 1773485039468, "server_ts": 1773485038516, "data": {"e": "aggTrade", "E": 1773485038671, "a": 3200098919, "s": "BTCUSDT", "p": "70491.70", "q": "0.024", "nq": "0.024", "f": 7435602860, "l": 7435602861, "T": 1773485038516, "m": false}}
{"local_ts": 1773485039966, "server_ts": 1773485039018, "data": {"e": "aggTrade", "E": 1773485039172, "a": 3200098920, "s": "BTCUSDT", "p": "70491.70", "q": "0.885", "nq": "0.885", "f": 7435602862, "l": 7435602867, "T": 1773485039018, "m": false}}
{"local_ts": 1773485041008, "server_ts": 1773485040062, "data": {"e": "aggTrade", "E": 1773485040214, "a": 3200098921, "s": "BTCUSDT", "p": "70491.60", "q": "0.154", "nq": "0.154", "f": 7435602868, "l": 7435602869, "T": 1773485040062, "m": true}}
{"local_ts": 1773485041359, "server_ts": 1773485040425, "data": {"e": "aggTrade", "E": 1773485040566, "a": 3200098922, "s": "BTCUSDT", "p": "70491.60", "q": "0.143", "nq": "0.143", "f": 7435602870, "l": 7435602871, "T": 1773485040425, "m": true}}
{"local_ts": 1773485041471, "server_ts": 1773485040563, "data": {"e": "aggTrade", "E": 1773485040677, "a": 3200098923, "s": "BTCUSDT", "p": "70491.70", "q": "0.177", "nq": "0.177", "f": 7435602872, "l": 7435602877, "T": 1773485040563, "m": false}}
{"local_ts": 1773485041622, "server_ts": 1773485040676, "data": {"e": "aggTrade", "E": 1773485040828, "a": 3200098924, "s": "BTCUSDT", "p": "70491.60", "q": "0.018", "nq": "0.018", "f": 7435602878, "l": 7435602879, "T": 1773485040676, "m": true}}
{"local_ts": 1773485041936, "server_ts": 1773485040988, "data": {"e": "aggTrade", "E": 1773485041141, "a": 3200098925, "s": "BTCUSDT", "p": "70491.60", "q": "0.082", "nq": "0.082", "f": 7435602880, "l": 7435602881, "T": 1773485040988, "m": true}}
{"local_ts": 1773485042327, "server_ts": 1773485041532, "data": {"e": "aggTrade", "E": 1773485041534, "a": 3200098926, "s": "BTCUSDT", "p": "70491.70", "q": "0.002", "nq": "0.002", "f": 7435602882, "l": 7435602882, "T": 1773485041532, "m": false}}
{"local_ts": 1773485042483, "server_ts": 1773485041532, "data": {"e": "aggTrade", "E": 1773485041685, "a": 3200098927, "s": "BTCUSDT", "p": "70491.60", "q": "0.027", "nq": "0.027", "f": 7435602883, "l": 7435602884, "T": 1773485041532, "m": true}}
{"local_ts": 1773485042875, "server_ts": 1773485041926, "data": {"e": "aggTrade", "E": 1773485042080, "a": 3200098928, "s": "BTCUSDT", "p": "70491.60", "q": "0.004", "nq": "0.004", "f": 7435602885, "l": 7435602886, "T": 1773485041926, "m": true}}
{"local_ts": 1773485043152, "server_ts": 1773485042234, "data": {"e": "aggTrade", "E": 1773485042357, "a": 3200098929, "s": "BTCUSDT", "p": "70491.70", "q": "0.010", "nq": "0.010", "f": 7435602887, "l": 7435602887, "T": 1773485042234, "m": false}}
{"local_ts": 1773485043302, "server_ts": 1773485042356, "data": {"e": "aggTrade", "E": 1773485042508, "a": 3200098930, "s": "BTCUSDT", "p": "70491.70", "q": "0.002", "nq": "0.002", "f": 7435602888, "l": 7435602888, "T": 1773485042356, "m": false}}
{"local_ts": 1773485043895, "server_ts": 1773485042948, "data": {"e": "aggTrade", "E": 1773485043101, "a": 3200098931, "s": "BTCUSDT", "p": "70491.70", "q": "0.007", "nq": "0.007", "f": 7435602889, "l": 7435602890, "T": 1773485042948, "m": false}}
{"local_ts": 1773485044178, "server_ts": 1773485043231, "data": {"e": "aggTrade", "E": 1773485043384, "a": 3200098932, "s": "BTCUSDT", "p": "70491.70", "q": "0.002", "nq": "0.002", "f": 7435602891, "l": 7435602891, "T": 1773485043231, "m": false}}
{"local_ts": 1773485044424, "server_ts": 1773485043477, "data": {"e": "aggTrade", "E": 1773485043630, "a": 3200098933, "s": "BTCUSDT", "p": "70491.70", "q": "0.051", "nq": "0.051", "f": 7435602892, "l": 7435602899, "T": 1773485043477, "m": false}}
{"local_ts": 1773485045110, "server_ts": 1773485044164, "data": {"e": "aggTrade", "E": 1773485044316, "a": 3200098934, "s": "BTCUSDT", "p": "70491.70", "q": "0.044", "nq": "0.044", "f": 7435602900, "l": 7435602903, "T": 1773485044164, "m": false}}
{"local_ts": 1773485045279, "server_ts": 1773485044328, "data": {"e": "aggTrade", "E": 1773485044483, "a": 3200098935, "s": "BTCUSDT", "p": "70491.60", "q": "0.002", "nq": "0.002", "f": 7435602904, "l": 7435602904, "T": 1773485044328, "m": true}}
{"local_ts": 1773485046151, "server_ts": 1773485045204, "data": {"e": "aggTrade", "E": 1773485045357, "a": 3200098936, "s": "BTCUSDT", "p": "70491.60", "q": "0.004", "nq": "0.004", "f": 7435602905, "l": 7435602906, "T": 1773485045204, "m": true}}
{"local_ts": 1773485046355, "server_ts": 1773485045420, "data": {"e": "aggTrade", "E": 1773485045561, "a": 3200098937, "s": "BTCUSDT", "p": "70491.70", "q": "0.060", "nq": "0.060", "f": 7435602907, "l": 7435602907, "T": 1773485045420, "m": false}}
{"local_ts": 1773485046512, "server_ts": 1773485045560, "data": {"e": "aggTrade", "E": 1773485045713, "a": 3200098938, "s": "BTCUSDT", "p": "70491.70", "q": "0.259", "nq": "0.259", "f": 7435602908, "l": 7435602918, "T": 1773485045560, "m": false}}
{"local_ts": 1773485046641, "server_ts": 1773485045723, "data": {"e": "aggTrade", "E": 1773485045845, "a": 3200098939, "s": "BTCUSDT", "p": "70491.70", "q": "0.002", "nq": "0.002", "f": 7435602919, "l": 7435602919, "T": 1773485045723, "m": false}}
{"local_ts": 1773485046677, "server_ts": 1773485045844, "data": {"e": "aggTrade", "E": 1773485045878, "a": 3200098940, "s": "BTCUSDT", "p": "70491.70", "q": "0.017", "nq": "0.017", "f": 7435602920, "l": 7435602923, "T": 1773485045844, "m": false}}
{"local_ts": 1773485046736, "server_ts": 1773485045875, "data": {"e": "aggTrade", "E": 1773485045940, "a": 3200098941, "s": "BTCUSDT", "p": "70491.60", "q": "0.016", "nq": "0.016", "f": 7435602924, "l": 7435602924, "T": 1773485045875, "m": true}}
{"local_ts": 1773485046759, "server_ts": 1773485045937, "data": {"e": "aggTrade", "E": 1773485045964, "a": 3200098942, "s": "BTCUSDT", "p": "70491.70", "q": "0.007", "nq": "0.007", "f": 7435602925, "l": 7435602926, "T": 1773485045937, "m": false}}
{"local_ts": 1773485046911, "server_ts": 1773485045963, "data": {"e": "aggTrade", "E": 1773485046115, "a": 3200098943, "s": "BTCUSDT", "p": "70491.60", "q": "0.043", "nq": "0.043", "f": 7435602927, "l": 7435602929, "T": 1773485045963, "m": true}}
{"local_ts": 1773485047081, "server_ts": 1773485046235, "data": {"e": "aggTrade", "E": 1773485046287, "a": 3200098944, "s": "BTCUSDT", "p": "70491.70", "q": "0.065", "nq": "0.065", "f": 7435602930, "l": 7435602940, "T": 1773485046235, "m": false}}
{"local_ts": 1773485047231, "server_ts": 1773485046285, "data": {"e": "aggTrade", "E": 1773485046438, "a": 3200098945, "s": "BTCUSDT", "p": "70491.80", "q": "0.025", "nq": "0.025", "f": 7435602941, "l": 7435602941, "T": 1773485046285, "m": false}}
{"local_ts": 1773485047497, "server_ts": 1773485046549, "data": {"e": "aggTrade", "E": 1773485046703, "a": 3200098946, "s": "BTCUSDT", "p": "70491.80", "q": "0.004", "nq": "0.004", "f": 7435602942, "l": 7435602942, "T": 1773485046549, "m": false}}
{"local_ts": 1773485047981, "server_ts": 1773485047041, "data": {"e": "aggTrade", "E": 1773485047181, "a": 3200098947, "s": "BTCUSDT", "p": "70491.70", "q": "0.005", "nq": "0.005", "f": 7435602943, "l": 7435602943, "T": 1773485047041, "m": true}}
{"local_ts": 1773485048130, "server_ts": 1773485047179, "data": {"e": "aggTrade", "E": 1773485047332, "a": 3200098948, "s": "BTCUSDT", "p": "70491.80", "q": "0.004", "nq": "0.004", "f": 7435602944, "l": 7435602944, "T": 1773485047179, "m": false}}
{"local_ts": 1773485048404, "server_ts": 1773485047455, "data": {"e": "aggTrade", "E": 1773485047609, "a": 3200098949, "s": "BTCUSDT", "p": "70491.80", "q": "0.004", "nq": "0.004", "f": 7435602945, "l": 7435602945, "T": 1773485047455, "m": false}}
{"local_ts": 1773485049384, "server_ts": 1773485048436, "data": {"e": "aggTrade", "E": 1773485048590, "a": 3200098950, "s": "BTCUSDT", "p": "70491.70", "q": "0.001", "nq": "0.001", "f": 7435602946, "l": 7435602946, "T": 1773485048436, "m": true}}
{"local_ts": 1773485049487, "server_ts": 1773485048682, "data": {"e": "aggTrade", "E": 1773485048692, "a": 3200098951, "s": "BTCUSDT", "p": "70491.80", "q": "0.002", "nq": "0.002", "f": 7435602947, "l": 7435602947, "T": 1773485048682, "m": false}}
{"local_ts": 1773485049638, "server_ts": 1773485048691, "data": {"e": "aggTrade", "E": 1773485048843, "a": 3200098952, "s": "BTCUSDT", "p": "70491.70", "q": "0.002", "nq": "0.002", "f": 7435602948, "l": 7435602948, "T": 1773485048691, "m": true}}
{"local_ts": 1773485049904, "server_ts": 1773485048955, "data": {"e": "aggTrade", "E": 1773485049109, "a": 3200098953, "s": "BTCUSDT", "p": "70491.70", "q": "0.030", "nq": "0.030", "f": 7435602949, "l": 7435602949, "T": 1773485048955, "m": true}}
{"local_ts": 1773485050190, "server_ts": 1773485049244, "data": {"e": "aggTrade", "E": 1773485049397, "a": 3200098954, "s": "BTCUSDT", "p": "70491.70", "q": "0.094", "nq": "0.094", "f": 7435602950, "l": 7435602950, "T": 1773485049244, "m": true}}
{"local_ts": 1773485050758, "server_ts": 1773485049808, "data": {"e": "aggTrade", "E": 1773485049960, "a": 3200098955, "s": "BTCUSDT", "p": "70491.70", "q": "0.005", "nq": "0.005", "f": 7435602951, "l": 7435602951, "T": 1773485049808, "m": true}}
{"local_ts": 1773485051300, "server_ts": 1773485050413, "data": {"e": "aggTrade", "E": 1773485050500, "a": 3200098956, "s": "BTCUSDT", "p": "70491.70", "q": "0.080", "nq": "0.080", "f": 7435602952, "l": 7435602952, "T": 1773485050413, "m": true}}
{"local_ts": 1773485051449, "server_ts": 1773485050499, "data": {"e": "aggTrade", "E": 1773485050651, "a": 3200098957, "s": "BTCUSDT", "p": "70491.80", "q": "0.002", "nq": "0.002", "f": 7435602953, "l": 7435602953, "T": 1773485050499, "m": false}}
{"local_ts": 1773485051760, "server_ts": 1773485050806, "data": {"e": "aggTrade", "E": 1773485050959, "a": 3200098958, "s": "BTCUSDT", "p": "70491.70", "q": "0.004", "nq": "0.004", "f": 7435602954, "l": 7435602954, "T": 1773485050806, "m": true}}
{"local_ts": 1773485052796, "server_ts": 1773485051969, "data": {"e": "aggTrade", "E": 1773485052001, "a": 3200098959, "s": "BTCUSDT", "p": "70491.70", "q": "0.005", "nq": "0.005", "f": 7435602955, "l": 7435602955, "T": 1773485051969, "m": true}}
{"local_ts": 1773485052796, "server_ts": 1773485051999, "data": {"e": "aggTrade", "E": 1773485052001, "a": 3200098960, "s": "BTCUSDT", "p": "70491.80", "q": "0.369", "nq": "0.369", "f": 7435602956, "l": 7435602967, "T": 1773485051999, "m": false}}
{"local_ts": 1773485052797, "server_ts": 1773485051999, "data": {"e": "aggTrade", "E": 1773485052001, "a": 3200098961, "s": "BTCUSDT", "p": "70491.90", "q": "0.023", "nq": "0.023", "f": 7435602968, "l": 7435602968, "T": 1773485051999, "m": false}}
{"local_ts": 1773485052797, "server_ts": 1773485051999, "data": {"e": "aggTrade", "E": 1773485052001, "a": 3200098962, "s": "BTCUSDT", "p": "70492.00", "q": "0.080", "nq": "0.080", "f": 7435602969, "l": 7435602969, "T": 1773485051999, "m": false}}
{"local_ts": 1773485052798, "server_ts": 1773485051999, "data": {"e": "aggTrade", "E": 1773485052001, "a": 3200098963, "s": "BTCUSDT", "p": "70492.10", "q": "0.002", "nq": "0.002", "f": 7435602970, "l": 7435602970, "T": 1773485051999, "m": false}}
{"local_ts": 1773485052798, "server_ts": 1773485051999, "data": {"e": "aggTrade", "E": 1773485052001, "a": 3200098964, "s": "BTCUSDT", "p": "70492.20", "q": "0.002", "nq": "0.002", "f": 7435602971, "l": 7435602971, "T": 1773485051999, "m": false}}
{"local_ts": 1773485052799, "server_ts": 1773485051999, "data": {"e": "aggTrade", "E": 1773485052001, "a": 3200098965, "s": "BTCUSDT", "p": "70492.80", "q": "0.209", "nq": "0.209", "f": 7435602972, "l": 7435602974, "T": 1773485051999, "m": false}}
{"local_ts": 1773485052799, "server_ts": 1773485051999, "data": {"e": "aggTrade", "E": 1773485052001, "a": 3200098966, "s": "BTCUSDT", "p": "70492.90", "q": "0.002", "nq": "0.002", "f": 7435602975, "l": 7435602975, "T": 1773485051999, "m": false}}
{"local_ts": 1773485052799, "server_ts": 1773485051999, "data": {"e": "aggTrade", "E": 1773485052001, "a": 3200098967, "s": "BTCUSDT", "p": "70493.00", "q": "0.002", "nq": "0.002", "f": 7435602976, "l": 7435602976, "T": 1773485051999, "m": false}}
{"local_ts": 1773485052800, "server_ts": 1773485051999, "data": {"e": "aggTrade", "E": 1773485052001, "a": 3200098968, "s": "BTCUSDT", "p": "70493.20", "q": "0.001", "nq": "0.001", "f": 7435602977, "l": 7435602977, "T": 1773485051999, "m": false}}
{"local_ts": 1773485052800, "server_ts": 1773485051999, "data": {"e": "aggTrade", "E": 1773485052001, "a": 3200098969, "s": "BTCUSDT", "p": "70493.50", "q": "0.007", "nq": "0.007", "f": 7435602978, "l": 7435602980, "T": 1773485051999, "m": false}}
{"local_ts": 1773485052801, "server_ts": 1773485051999, "data": {"e": "aggTrade", "E": 1773485052001, "a": 3200098970, "s": "BTCUSDT", "p": "70493.60", "q": "0.002", "nq": "0.002", "f": 7435602981, "l": 7435602981, "T": 1773485051999, "m": false}}
{"local_ts": 1773485052801, "server_ts": 1773485051999, "data": {"e": "aggTrade", "E": 1773485052001, "a": 3200098971, "s": "BTCUSDT", "p": "70494.10", "q": "0.004", "nq": "0.004", "f": 7435602982, "l": 7435602983, "T": 1773485051999, "m": false}}
{"local_ts": 1773485052801, "server_ts": 1773485051999, "data": {"e": "aggTrade", "E": 1773485052001, "a": 3200098972, "s": "BTCUSDT", "p": "70494.20", "q": "0.002", "nq": "0.002", "f": 7435602984, "l": 7435602984, "T": 1773485051999, "m": false}}
{"local_ts": 1773485052802, "server_ts": 1773485051999, "data": {"e": "aggTrade", "E": 1773485052001, "a": 3200098973, "s": "BTCUSDT", "p": "70494.50", "q": "0.003", "nq": "0.003", "f": 7435602985, "l": 7435602985, "T": 1773485051999, "m": false}}
{"local_ts": 1773485052802, "server_ts": 1773485051999, "data": {"e": "aggTrade", "E": 1773485052001, "a": 3200098974, "s": "BTCUSDT", "p": "70494.60", "q": "0.003", "nq": "0.003", "f": 7435602986, "l": 7435602987, "T": 1773485051999, "m": false}}
{"local_ts": 1773485052802, "server_ts": 1773485051999, "data": {"e": "aggTrade", "E": 1773485052001, "a": 3200098975, "s": "BTCUSDT", "p": "70494.90", "q": "0.003", "nq": "0.003", "f": 7435602988, "l": 7435602988, "T": 1773485051999, "m": false}}
{"local_ts": 1773485052803, "server_ts": 1773485051999, "data": {"e": "aggTrade", "E": 1773485052001, "a": 3200098976, "s": "BTCUSDT", "p": "70495.00", "q": "0.001", "nq": "0.001", "f": 7435602989, "l": 7435602989, "T": 1773485051999, "m": false}}
{"local_ts": 1773485052945, "server_ts": 1773485051999, "data": {"e": "aggTrade", "E": 1773485052152, "a": 3200098977, "s": "BTCUSDT", "p": "70495.20", "q": "0.013", "nq": "0.013", "f": 7435602990, "l": 7435602996, "T": 1773485051999, "m": false}}
{"local_ts": 1773485053702, "server_ts": 1773485052756, "data": {"e": "aggTrade", "E": 1773485052908, "a": 3200098978, "s": "BTCUSDT", "p": "70495.30", "q": "0.004", "nq": "0.004", "f": 7435602997, "l": 7435602997, "T": 1773485052756, "m": false}}
{"local_ts": 1773485054097, "server_ts": 1773485053151, "data": {"e": "aggTrade", "E": 1773485053303, "a": 3200098979, "s": "BTCUSDT", "p": "70495.20", "q": "0.002", "nq": "0.002", "f": 7435602998, "l": 7435602998, "T": 1773485053151, "m": true}}
{"local_ts": 1773485054350, "server_ts": 1773485053402, "data": {"e": "aggTrade", "E": 1773485053556, "a": 3200098980, "s": "BTCUSDT", "p": "70495.30", "q": "0.006", "nq": "0.006", "f": 7435602999, "l": 7435602999, "T": 1773485053402, "m": false}}
{"local_ts": 1773485054534, "server_ts": 1773485053584, "data": {"e": "aggTrade", "E": 1773485053736, "a": 3200098981, "s": "BTCUSDT", "p": "70495.30", "q": "0.053", "nq": "0.053", "f": 7435603000, "l": 7435603001, "T": 1773485053584, "m": false}}
{"local_ts": 1773485055417, "server_ts": 1773485054470, "data": {"e": "aggTrade", "E": 1773485054623, "a": 3200098982, "s": "BTCUSDT", "p": "70495.30", "q": "0.023", "nq": "0.023", "f": 7435603002, "l": 7435603003, "T": 1773485054470, "m": false}}
{"local_ts": 1773485055740, "server_ts": 1773485054792, "data": {"e": "aggTrade", "E": 1773485054945, "a": 3200098983, "s": "BTCUSDT", "p": "70495.20", "q": "0.007", "nq": "0.007", "f": 7435603004, "l": 7435603004, "T": 1773485054792, "m": true}}
{"local_ts": 1773485055949, "server_ts": 1773485055122, "data": {"e": "aggTrade", "E": 1773485055155, "a": 3200098984, "s": "BTCUSDT", "p": "70495.20", "q": "0.013", "nq": "0.013", "f": 7435603005, "l": 7435603005, "T": 1773485055122, "m": true}}
{"local_ts": 1773485056099, "server_ts": 1773485055153, "data": {"e": "aggTrade", "E": 1773485055306, "a": 3200098985, "s": "BTCUSDT", "p": "70495.30", "q": "0.032", "nq": "0.032", "f": 7435603006, "l": 7435603006, "T": 1773485055153, "m": false}}
{"local_ts": 1773485056583, "server_ts": 1773485055637, "data": {"e": "aggTrade", "E": 1773485055789, "a": 3200098986, "s": "BTCUSDT", "p": "70495.30", "q": "0.030", "nq": "0.030", "f": 7435603007, "l": 7435603007, "T": 1773485055637, "m": false}}
{"local_ts": 1773485056718, "server_ts": 1773485055825, "data": {"e": "aggTrade", "E": 1773485055923, "a": 3200098987, "s": "BTCUSDT", "p": "70495.30", "q": "0.037", "nq": "0.037", "f": 7435603008, "l": 7435603009, "T": 1773485055825, "m": false}}
{"local_ts": 1773485056867, "server_ts": 1773485055920, "data": {"e": "aggTrade", "E": 1773485056074, "a": 3200098988, "s": "BTCUSDT", "p": "70495.20", "q": "0.003", "nq": "0.003", "f": 7435603010, "l": 7435603011, "T": 1773485055920, "m": true}}
{"local_ts": 1773485057055, "server_ts": 1773485056128, "data": {"e": "aggTrade", "E": 1773485056262, "a": 3200098989, "s": "BTCUSDT", "p": "70495.20", "q": "0.014", "nq": "0.014", "f": 7435603012, "l": 7435603013, "T": 1773485056128, "m": true}}
{"local_ts": 1773485057209, "server_ts": 1773485056259, "data": {"e": "aggTrade", "E": 1773485056413, "a": 3200098990, "s": "BTCUSDT", "p": "70495.20", "q": "0.182", "nq": "0.182", "f": 7435603014, "l": 7435603014, "T": 1773485056259, "m": true}}
{"local_ts": 1773485058097, "server_ts": 1773485057150, "data": {"e": "aggTrade", "E": 1773485057302, "a": 3200098991, "s": "BTCUSDT", "p": "70495.30", "q": "0.092", "nq": "0.092", "f": 7435603015, "l": 7435603016, "T": 1773485057150, "m": false}}
{"local_ts": 1773485058279, "server_ts": 1773485057397, "data": {"e": "aggTrade", "E": 1773485057481, "a": 3200098992, "s": "BTCUSDT", "p": "70495.30", "q": "0.003", "nq": "0.003", "f": 7435603017, "l": 7435603017, "T": 1773485057397, "m": false}}
{"local_ts": 1773485058427, "server_ts": 1773485057480, "data": {"e": "aggTrade", "E": 1773485057632, "a": 3200098993, "s": "BTCUSDT", "p": "70495.20", "q": "0.127", "nq": "0.127", "f": 7435603018, "l": 7435603018, "T": 1773485057480, "m": true}}
{"local_ts": 1773485058601, "server_ts": 1773485057731, "data": {"e": "aggTrade", "E": 1773485057809, "a": 3200098994, "s": "BTCUSDT", "p": "70495.30", "q": "0.020", "nq": "0.020", "f": 7435603019, "l": 7435603020, "T": 1773485057731, "m": false}}
{"local_ts": 1773485058605, "server_ts": 1773485057807, "data": {"e": "aggTrade", "E": 1773485057812, "a": 3200098995, "s": "BTCUSDT", "p": "70495.20", "q": "0.009", "nq": "0.009", "f": 7435603021, "l": 7435603021, "T": 1773485057807, "m": true}}
{"local_ts": 1773485058756, "server_ts": 1773485057811, "data": {"e": "aggTrade", "E": 1773485057963, "a": 3200098996, "s": "BTCUSDT", "p": "70495.30", "q": "0.321", "nq": "0.321", "f": 7435603022, "l": 7435603027, "T": 1773485057811, "m": false}}
{"local_ts": 1773485059522, "server_ts": 1773485058574, "data": {"e": "aggTrade", "E": 1773485058727, "a": 3200098997, "s": "BTCUSDT", "p": "70495.30", "q": "0.002", "nq": "0.002", "f": 7435603028, "l": 7435603028, "T": 1773485058574, "m": false}}
{"local_ts": 1773485061315, "server_ts": 1773485060367, "data": {"e": "aggTrade", "E": 1773485060519, "a": 3200098998, "s": "BTCUSDT", "p": "70495.30", "q": "0.002", "nq": "0.002", "f": 7435603029, "l": 7435603029, "T": 1773485060367, "m": false}}
{"local_ts": 1773485061515, "server_ts": 1773485060568, "data": {"e": "aggTrade", "E": 1773485060721, "a": 3200098999, "s": "BTCUSDT", "p": "70495.30", "q": "0.007", "nq": "0.007", "f": 7435603030, "l": 7435603030, "T": 1773485060568, "m": false}}
{"local_ts": 1773485062425, "server_ts": 1773485061477, "data": {"e": "aggTrade", "E": 1773485061630, "a": 3200099000, "s": "BTCUSDT", "p": "70495.30", "q": "0.013", "nq": "0.013", "f": 7435603031, "l": 7435603031, "T": 1773485061477, "m": false}}
{"local_ts": 1773485063205, "server_ts": 1773485062347, "data": {"e": "aggTrade", "E": 1773485062412, "a": 3200099001, "s": "BTCUSDT", "p": "70495.20", "q": "0.019", "nq": "0.019", "f": 7435603032, "l": 7435603032, "T": 1773485062347, "m": true}}
{"local_ts": 1773485063339, "server_ts": 1773485062410, "data": {"e": "aggTrade", "E": 1773485062541, "a": 3200099002, "s": "BTCUSDT", "p": "70495.30", "q": "0.014", "nq": "0.014", "f": 7435603033, "l": 7435603033, "T": 1773485062410, "m": false}}
{"local_ts": 1773485063486, "server_ts": 1773485062538, "data": {"e": "aggTrade", "E": 1773485062692, "a": 3200099003, "s": "BTCUSDT", "p": "70495.20", "q": "0.096", "nq": "0.096", "f": 7435603034, "l": 7435603035, "T": 1773485062538, "m": true}}
{"local_ts": 1773485064067, "server_ts": 1773485063122, "data": {"e": "aggTrade", "E": 1773485063274, "a": 3200099004, "s": "BTCUSDT", "p": "70495.30", "q": "0.005", "nq": "0.005", "f": 7435603036, "l": 7435603037, "T": 1773485063122, "m": false}}
{"local_ts": 1773485064440, "server_ts": 1773485063493, "data": {"e": "aggTrade", "E": 1773485063647, "a": 3200099005, "s": "BTCUSDT", "p": "70495.30", "q": "0.119", "nq": "0.119", "f": 7435603038, "l": 7435603040, "T": 1773485063493, "m": false}}
{"local_ts": 1773485065437, "server_ts": 1773485064492, "data": {"e": "aggTrade", "E": 1773485064637, "a": 3200099006, "s": "BTCUSDT", "p": "70495.30", "q": "0.018", "nq": "0.018", "f": 7435603041, "l": 7435603044, "T": 1773485064492, "m": false}}
{"local_ts": 1773485065582, "server_ts": 1773485064635, "data": {"e": "aggTrade", "E": 1773485064788, "a": 3200099007, "s": "BTCUSDT", "p": "70495.30", "q": "0.022", "nq": "0.022", "f": 7435603045, "l": 7435603045, "T": 1773485064635, "m": false}}
{"local_ts": 1773485066480, "server_ts": 1773485065630, "data": {"e": "aggTrade", "E": 1773485065686, "a": 3200099008, "s": "BTCUSDT", "p": "70495.20", "q": "0.002", "nq": "0.002", "f": 7435603046, "l": 7435603046, "T": 1773485065630, "m": true}}
{"local_ts": 1773485066619, "server_ts": 1773485065684, "data": {"e": "aggTrade", "E": 1773485065826, "a": 3200099009, "s": "BTCUSDT", "p": "70495.30", "q": "0.272", "nq": "0.272", "f": 7435603047, "l": 7435603066, "T": 1773485065684, "m": false}}
{"local_ts": 1773485066769, "server_ts": 1773485065824, "data": {"e": "aggTrade", "E": 1773485065977, "a": 3200099010, "s": "BTCUSDT", "p": "70495.30", "q": "0.015", "nq": "0.015", "f": 7435603067, "l": 7435603067, "T": 1773485065824, "m": false}}
{"local_ts": 1773485066935, "server_ts": 1773485065990, "data": {"e": "aggTrade", "E": 1773485066143, "a": 3200099011, "s": "BTCUSDT", "p": "70495.30", "q": "0.170", "nq": "0.170", "f": 7435603068, "l": 7435603068, "T": 1773485065990, "m": false}}
{"local_ts": 1773485067406, "server_ts": 1773485066456, "data": {"e": "aggTrade", "E": 1773485066609, "a": 3200099012, "s": "BTCUSDT", "p": "70495.30", "q": "0.002", "nq": "0.002", "f": 7435603069, "l": 7435603069, "T": 1773485066456, "m": false}}
{"local_ts": 1773485068308, "server_ts": 1773485067360, "data": {"e": "aggTrade", "E": 1773485067514, "a": 3200099013, "s": "BTCUSDT", "p": "70495.30", "q": "0.020", "nq": "0.020", "f": 7435603070, "l": 7435603070, "T": 1773485067360, "m": false}}
{"local_ts": 1773485068364, "server_ts": 1773485067518, "data": {"e": "aggTrade", "E": 1773485067569, "a": 3200099014, "s": "BTCUSDT", "p": "70495.20", "q": "0.011", "nq": "0.011", "f": 7435603071, "l": 7435603071, "T": 1773485067518, "m": true}}
{"local_ts": 1773485068517, "server_ts": 1773485067567, "data": {"e": "aggTrade", "E": 1773485067720, "a": 3200099015, "s": "BTCUSDT", "p": "70495.30", "q": "0.002", "nq": "0.002", "f": 7435603072, "l": 7435603072, "T": 1773485067567, "m": false}}
{"local_ts": 1773485069484, "server_ts": 1773485068536, "data": {"e": "aggTrade", "E": 1773485068689, "a": 3200099016, "s": "BTCUSDT", "p": "70495.30", "q": "0.023", "nq": "0.023", "f": 7435603073, "l": 7435603073, "T": 1773485068536, "m": false}}
{"local_ts": 1773485069747, "server_ts": 1773485068798, "data": {"e": "aggTrade", "E": 1773485068951, "a": 3200099017, "s": "BTCUSDT", "p": "70495.20", "q": "0.002", "nq": "0.002", "f": 7435603074, "l": 7435603074, "T": 1773485068798, "m": true}}
{"local_ts": 1773485070020, "server_ts": 1773485069074, "data": {"e": "aggTrade", "E": 1773485069226, "a": 3200099018, "s": "BTCUSDT", "p": "70495.30", "q": "0.002", "nq": "0.002", "f": 7435603075, "l": 7435603075, "T": 1773485069074, "m": false}}
{"local_ts": 1773485070830, "server_ts": 1773485069884, "data": {"e": "aggTrade", "E": 1773485070036, "a": 3200099019, "s": "BTCUSDT", "p": "70495.30", "q": "0.002", "nq": "0.002", "f": 7435603076, "l": 7435603076, "T": 1773485069884, "m": false}}
{"local_ts": 1773485070942, "server_ts": 1773485070099, "data": {"e": "aggTrade", "E": 1773485070148, "a": 3200099020, "s": "BTCUSDT", "p": "70495.30", "q": "0.008", "nq": "0.008", "f": 7435603077, "l": 7435603077, "T": 1773485070099, "m": false}}
{"local_ts": 1773485071096, "server_ts": 1773485070145, "data": {"e": "aggTrade", "E": 1773485070299, "a": 3200099021, "s": "BTCUSDT", "p": "70495.20", "q": "0.500", "nq": "0.500", "f": 7435603078, "l": 7435603078, "T": 1773485070145, "m": true}}
{"local_ts": 1773485071490, "server_ts": 1773485070629, "data": {"e": "aggTrade", "E": 1773485070692, "a": 3200099022, "s": "BTCUSDT", "p": "70495.20", "q": "0.002", "nq": "0.002", "f": 7435603079, "l": 7435603079, "T": 1773485070629, "m": true}}
{"local_ts": 1773485071637, "server_ts": 1773485070690, "data": {"e": "aggTrade", "E": 1773485070843, "a": 3200099023, "s": "BTCUSDT", "p": "70495.30", "q": "0.003", "nq": "0.003", "f": 7435603080, "l": 7435603080, "T": 1773485070690, "m": false}}
{"local_ts": 1773485072021, "server_ts": 1773485071073, "data": {"e": "aggTrade", "E": 1773485071225, "a": 3200099024, "s": "BTCUSDT", "p": "70495.30", "q": "0.002", "nq": "0.002", "f": 7435603081, "l": 7435603081, "T": 1773485071073, "m": false}}
{"local_ts": 1773485072298, "server_ts": 1773485071498, "data": {"e": "aggTrade", "E": 1773485071505, "a": 3200099025, "s": "BTCUSDT", "p": "70495.30", "q": "0.466", "nq": "0.466", "f": 7435603082, "l": 7435603094, "T": 1773485071498, "m": false}}
{"local_ts": 1773485072310, "server_ts": 1773485071502, "data": {"e": "aggTrade", "E": 1773485071511, "a": 3200099026, "s": "BTCUSDT", "p": "70495.40", "q": "0.225", "nq": "0.225", "f": 7435603095, "l": 7435603100, "T": 1773485071502, "m": false}}
{"local_ts": 1773485072311, "server_ts": 1773485071505, "data": {"e": "aggTrade", "E": 1773485071511, "a": 3200099027, "s": "BTCUSDT", "p": "70495.60", "q": "0.002", "nq": "0.002", "f": 7435603101, "l": 7435603101, "T": 1773485071505, "m": false}}
{"local_ts": 1773485072311, "server_ts": 1773485071505, "data": {"e": "aggTrade", "E": 1773485071511, "a": 3200099028, "s": "BTCUSDT", "p": "70495.70", "q": "0.176", "nq": "0.176", "f": 7435603102, "l": 7435603103, "T": 1773485071505, "m": false}}
{"local_ts": 1773485072312, "server_ts": 1773485071505, "data": {"e": "aggTrade", "E": 1773485071511, "a": 3200099029, "s": "BTCUSDT", "p": "70495.80", "q": "0.050", "nq": "0.050", "f": 7435603104, "l": 7435603104, "T": 1773485071505, "m": false}}
{"local_ts": 1773485072312, "server_ts": 1773485071505, "data": {"e": "aggTrade", "E": 1773485071511, "a": 3200099030, "s": "BTCUSDT", "p": "70496.00", "q": "0.080", "nq": "0.080", "f": 7435603105, "l": 7435603106, "T": 1773485071505, "m": false}}
{"local_ts": 1773485072312, "server_ts": 1773485071505, "data": {"e": "aggTrade", "E": 1773485071511, "a": 3200099031, "s": "BTCUSDT", "p": "70496.10", "q": "0.005", "nq": "0.005", "f": 7435603107, "l": 7435603108, "T": 1773485071505, "m": false}}
{"local_ts": 1773485072313, "server_ts": 1773485071506, "data": {"e": "aggTrade", "E": 1773485071511, "a": 3200099032, "s": "BTCUSDT", "p": "70496.30", "q": "0.002", "nq": "0.002", "f": 7435603109, "l": 7435603109, "T": 1773485071506, "m": false}}
{"local_ts": 1773485072313, "server_ts": 1773485071506, "data": {"e": "aggTrade", "E": 1773485071511, "a": 3200099033, "s": "BTCUSDT", "p": "70496.40", "q": "0.003", "nq": "0.003", "f": 7435603110, "l": 7435603111, "T": 1773485071506, "m": false}}
{"local_ts": 1773485072319, "server_ts": 1773485071506, "data": {"e": "aggTrade", "E": 1773485071526, "a": 3200099034, "s": "BTCUSDT", "p": "70496.60", "q": "0.230", "nq": "0.230", "f": 7435603112, "l": 7435603117, "T": 1773485071506, "m": false}}
{"local_ts": 1773485072319, "server_ts": 1773485071516, "data": {"e": "aggTrade", "E": 1773485071526, "a": 3200099035, "s": "BTCUSDT", "p": "70497.00", "q": "0.006", "nq": "0.006", "f": 7435603118, "l": 7435603120, "T": 1773485071516, "m": false}}
{"local_ts": 1773485072319, "server_ts": 1773485071516, "data": {"e": "aggTrade", "E": 1773485071526, "a": 3200099036, "s": "BTCUSDT", "p": "70497.10", "q": "0.006", "nq": "0.006", "f": 7435603121, "l": 7435603123, "T": 1773485071516, "m": false}}
{"local_ts": 1773485072320, "server_ts": 1773485071516, "data": {"e": "aggTrade", "E": 1773485071526, "a": 3200099037, "s": "BTCUSDT", "p": "70497.40", "q": "0.003", "nq": "0.003", "f": 7435603124, "l": 7435603124, "T": 1773485071516, "m": false}}
{"local_ts": 1773485072320, "server_ts": 1773485071516, "data": {"e": "aggTrade", "E": 1773485071526, "a": 3200099038, "s": "BTCUSDT", "p": "70497.50", "q": "0.001", "nq": "0.001", "f": 7435603125, "l": 7435603125, "T": 1773485071516, "m": false}}
{"local_ts": 1773485072320, "server_ts": 1773485071516, "data": {"e": "aggTrade", "E": 1773485071527, "a": 3200099039, "s": "BTCUSDT", "p": "70497.70", "q": "0.002", "nq": "0.002", "f": 7435603126, "l": 7435603126, "T": 1773485071516, "m": false}}
{"local_ts": 1773485072321, "server_ts": 1773485071518, "data": {"e": "aggTrade", "E": 1773485071527, "a": 3200099040, "s": "BTCUSDT", "p": "70497.80", "q": "0.003", "nq": "0.003", "f": 7435603127, "l": 7435603128, "T": 1773485071518, "m": false}}
{"local_ts": 1773485072321, "server_ts": 1773485071518, "data": {"e": "aggTrade", "E": 1773485071527, "a": 3200099041, "s": "BTCUSDT", "p": "70498.00", "q": "0.012", "nq": "0.012", "f": 7435603129, "l": 7435603130, "T": 1773485071518, "m": false}}
{"local_ts": 1773485072322, "server_ts": 1773485071518, "data": {"e": "aggTrade", "E": 1773485071527, "a": 3200099042, "s": "BTCUSDT", "p": "70498.20", "q": "0.001", "nq": "0.001", "f": 7435603131, "l": 7435603131, "T": 1773485071518, "m": false}}
{"local_ts": 1773485072322, "server_ts": 1773485071518, "data": {"e": "aggTrade", "E": 1773485071527, "a": 3200099043, "s": "BTCUSDT", "p": "70498.40", "q": "0.052", "nq": "0.052", "f": 7435603132, "l": 7435603134, "T": 1773485071518, "m": false}}
{"local_ts": 1773485072322, "server_ts": 1773485071518, "data": {"e": "aggTrade", "E": 1773485071527, "a": 3200099044, "s": "BTCUSDT", "p": "70498.60", "q": "0.002", "nq": "0.002", "f": 7435603135, "l": 7435603135, "T": 1773485071518, "m": false}}
{"local_ts": 1773485072324, "server_ts": 1773485071518, "data": {"e": "aggTrade", "E": 1773485071531, "a": 3200099045, "s": "BTCUSDT", "p": "70498.70", "q": "0.004", "nq": "0.004", "f": 7435603136, "l": 7435603138, "T": 1773485071518, "m": false}}
{"local_ts": 1773485072324, "server_ts": 1773485071521, "data": {"e": "aggTrade", "E": 1773485071531, "a": 3200099046, "s": "BTCUSDT", "p": "70498.80", "q": "0.002", "nq": "0.002", "f": 7435603139, "l": 7435603139, "T": 1773485071521, "m": false}}
{"local_ts": 1773485072324, "server_ts": 1773485071521, "data": {"e": "aggTrade", "E": 1773485071531, "a": 3200099047, "s": "BTCUSDT", "p": "70498.90", "q": "0.002", "nq": "0.002", "f": 7435603140, "l": 7435603140, "T": 1773485071521, "m": false}}
{"local_ts": 1773485072325, "server_ts": 1773485071521, "data": {"e": "aggTrade", "E": 1773485071531, "a": 3200099048, "s": "BTCUSDT", "p": "70499.00", "q": "0.005", "nq": "0.005", "f": 7435603141, "l": 7435603142, "T": 1773485071521, "m": false}}
{"local_ts": 1773485072325, "server_ts": 1773485071521, "data": {"e": "aggTrade", "E": 1773485071531, "a": 3200099049, "s": "BTCUSDT", "p": "70499.10", "q": "0.002", "nq": "0.002", "f": 7435603143, "l": 7435603143, "T": 1773485071521, "m": false}}
{"local_ts": 1773485072326, "server_ts": 1773485071521, "data": {"e": "aggTrade", "E": 1773485071533, "a": 3200099050, "s": "BTCUSDT", "p": "70499.20", "q": "0.006", "nq": "0.006", "f": 7435603144, "l": 7435603144, "T": 1773485071521, "m": false}}
{"local_ts": 1773485072326, "server_ts": 1773485071523, "data": {"e": "aggTrade", "E": 1773485071533, "a": 3200099051, "s": "BTCUSDT", "p": "70499.30", "q": "0.006", "nq": "0.006", "f": 7435603145, "l": 7435603147, "T": 1773485071523, "m": false}}
{"local_ts": 1773485072326, "server_ts": 1773485071523, "data": {"e": "aggTrade", "E": 1773485071533, "a": 3200099052, "s": "BTCUSDT", "p": "70499.50", "q": "0.001", "nq": "0.001", "f": 7435603148, "l": 7435603148, "T": 1773485071523, "m": false}}
{"local_ts": 1773485072327, "server_ts": 1773485071523, "data": {"e": "aggTrade", "E": 1773485071533, "a": 3200099053, "s": "BTCUSDT", "p": "70499.70", "q": "0.001", "nq": "0.001", "f": 7435603149, "l": 7435603149, "T": 1773485071523, "m": false}}
{"local_ts": 1773485072327, "server_ts": 1773485071523, "data": {"e": "aggTrade", "E": 1773485071533, "a": 3200099054, "s": "BTCUSDT", "p": "70499.80", "q": "0.005", "nq": "0.005", "f": 7435603150, "l": 7435603151, "T": 1773485071523, "m": false}}
{"local_ts": 1773485072362, "server_ts": 1773485071523, "data": {"e": "aggTrade", "E": 1773485071566, "a": 3200099055, "s": "BTCUSDT", "p": "70499.90", "q": "0.003", "nq": "0.003", "f": 7435603152, "l": 7435603152, "T": 1773485071523, "m": false}}
{"local_ts": 1773485072518, "server_ts": 1773485071564, "data": {"e": "aggTrade", "E": 1773485071717, "a": 3200099056, "s": "BTCUSDT", "p": "70500.00", "q": "0.015", "nq": "0.015", "f": 7435603153, "l": 7435603155, "T": 1773485071564, "m": false}}
{"local_ts": 1773485072756, "server_ts": 1773485071809, "data": {"e": "aggTrade", "E": 1773485071963, "a": 3200099057, "s": "BTCUSDT", "p": "70500.00", "q": "0.007", "nq": "0.007", "f": 7435603156, "l": 7435603156, "T": 1773485071809, "m": false}}
{"local_ts": 1773485073108, "server_ts": 1773485072163, "data": {"e": "aggTrade", "E": 1773485072315, "a": 3200099058, "s": "BTCUSDT", "p": "70500.00", "q": "0.014", "nq": "0.014", "f": 7435603157, "l": 7435603157, "T": 1773485072163, "m": false}}
{"local_ts": 1773485073898, "server_ts": 1773485072953, "data": {"e": "aggTrade", "E": 1773485073105, "a": 3200099059, "s": "BTCUSDT", "p": "70500.00", "q": "0.056", "nq": "0.056", "f": 7435603158, "l": 7435603158, "T": 1773485072953, "m": false}}
{"local_ts": 1773485074722, "server_ts": 1773485073850, "data": {"e": "aggTrade", "E": 1773485073928, "a": 3200099060, "s": "BTCUSDT", "p": "70500.00", "q": "0.004", "nq": "0.004", "f": 7435603159, "l": 7435603159, "T": 1773485073850, "m": false}}
{"local_ts": 1773485074875, "server_ts": 1773485073926, "data": {"e": "aggTrade", "E": 1773485074078, "a": 3200099061, "s": "BTCUSDT", "p": "70499.90", "q": "0.002", "nq": "0.002", "f": 7435603160, "l": 7435603160, "T": 1773485073926, "m": true}}
{"local_ts": 1773485075023, "server_ts": 1773485074077, "data": {"e": "aggTrade", "E": 1773485074229, "a": 3200099062, "s": "BTCUSDT", "p": "70500.00", "q": "0.212", "nq": "0.212", "f": 7435603161, "l": 7435603163, "T": 1773485074077, "m": false}}
{"local_ts": 1773485075463, "server_ts": 1773485074512, "data": {"e": "aggTrade", "E": 1773485074665, "a": 3200099063, "s": "BTCUSDT", "p": "70499.90", "q": "0.142", "nq": "0.142", "f": 7435603164, "l": 7435603164, "T": 1773485074512, "m": true}}
{"local_ts": 1773485075617, "server_ts": 1773485074671, "data": {"e": "aggTrade", "E": 1773485074824, "a": 3200099064, "s": "BTCUSDT", "p": "70499.90", "q": "0.142", "nq": "0.142", "f": 7435603165, "l": 7435603166, "T": 1773485074671, "m": true}}
{"local_ts": 1773485075763, "server_ts": 1773485074871, "data": {"e": "aggTrade", "E": 1773485074970, "a": 3200099065, "s": "BTCUSDT", "p": "70499.90", "q": "0.142", "nq": "0.142", "f": 7435603167, "l": 7435603167, "T": 1773485074871, "m": true}}
{"local_ts": 1773485075783, "server_ts": 1773485074968, "data": {"e": "aggTrade", "E": 1773485074990, "a": 3200099066, "s": "BTCUSDT", "p": "70500.00", "q": "0.002", "nq": "0.002", "f": 7435603168, "l": 7435603168, "T": 1773485074968, "m": false}}
{"local_ts": 1773485075935, "server_ts": 1773485074989, "data": {"e": "aggTrade", "E": 1773485075141, "a": 3200099067, "s": "BTCUSDT", "p": "70499.90", "q": "0.145", "nq": "0.145", "f": 7435603169, "l": 7435603170, "T": 1773485074989, "m": true}}
{"local_ts": 1773485076213, "server_ts": 1773485075266, "data": {"e": "aggTrade", "E": 1773485075419, "a": 3200099068, "s": "BTCUSDT", "p": "70499.90", "q": "0.144", "nq": "0.144", "f": 7435603171, "l": 7435603173, "T": 1773485075266, "m": true}}
{"local_ts": 1773485076814, "server_ts": 1773485075868, "data": {"e": "aggTrade", "E": 1773485076021, "a": 3200099069, "s": "BTCUSDT", "p": "70499.90", "q": "0.061", "nq": "0.061", "f": 7435603174, "l": 7435603174, "T": 1773485075868, "m": true}}
{"local_ts": 1773485077495, "server_ts": 1773485076550, "data": {"e": "aggTrade", "E": 1773485076702, "a": 3200099070, "s": "BTCUSDT", "p": "70499.90", "q": "0.016", "nq": "0.016", "f": 7435603175, "l": 7435603175, "T": 1773485076550, "m": true}}
{"local_ts": 1773485077703, "server_ts": 1773485076756, "data": {"e": "aggTrade", "E": 1773485076909, "a": 3200099071, "s": "BTCUSDT", "p": "70500.00", "q": "0.009", "nq": "0.009", "f": 7435603176, "l": 7435603178, "T": 1773485076756, "m": false}}
{"local_ts": 1773485078178, "server_ts": 1773485077232, "data": {"e": "aggTrade", "E": 1773485077384, "a": 3200099072, "s": "BTCUSDT", "p": "70499.90", "q": "0.234", "nq": "0.234", "f": 7435603179, "l": 7435603179, "T": 1773485077232, "m": true}}
{"local_ts": 1773485078386, "server_ts": 1773485077437, "data": {"e": "aggTrade", "E": 1773485077591, "a": 3200099073, "s": "BTCUSDT", "p": "70499.90", "q": "0.022", "nq": "0.022", "f": 7435603180, "l": 7435603180, "T": 1773485077437, "m": true}}
{"local_ts": 1773485078750, "server_ts": 1773485077801, "data": {"e": "aggTrade", "E": 1773485077956, "a": 3200099074, "s": "BTCUSDT", "p": "70500.00", "q": "0.283", "nq": "0.283", "f": 7435603181, "l": 7435603188, "T": 1773485077801, "m": false}}
{"local_ts": 1773485079164, "server_ts": 1773485078218, "data": {"e": "aggTrade", "E": 1773485078372, "a": 3200099075, "s": "BTCUSDT", "p": "70500.00", "q": "0.096", "nq": "0.096", "f": 7435603189, "l": 7435603189, "T": 1773485078218, "m": false}}
{"local_ts": 1773485079348, "server_ts": 1773485078384, "data": {"e": "aggTrade", "E": 1773485078539, "a": 3200099076, "s": "BTCUSDT", "p": "70499.90", "q": "0.372", "nq": "0.372", "f": 7435603190, "l": 7435603191, "T": 1773485078384, "m": true}}
{"local_ts": 1773485080657, "server_ts": 1773485079698, "data": {"e": "aggTrade", "E": 1773485079850, "a": 3200099077, "s": "BTCUSDT", "p": "70500.00", "q": "0.014", "nq": "0.014", "f": 7435603192, "l": 7435603192, "T": 1773485079698, "m": false}}
{"local_ts": 1773485080818, "server_ts": 1773485079870, "data": {"e": "aggTrade", "E": 1773485080024, "a": 3200099078, "s": "BTCUSDT", "p": "70499.90", "q": "0.016", "nq": "0.016", "f": 7435603193, "l": 7435603194, "T": 1773485079870, "m": true}}
{"local_ts": 1773485081564, "server_ts": 1773485080619, "data": {"e": "aggTrade", "E": 1773485080772, "a": 3200099079, "s": "BTCUSDT", "p": "70500.00", "q": "0.002", "nq": "0.002", "f": 7435603195, "l": 7435603195, "T": 1773485080619, "m": false}}
{"local_ts": 1773485081901, "server_ts": 1773485081082, "data": {"e": "aggTrade", "E": 1773485081088, "a": 3200099080, "s": "BTCUSDT", "p": "70500.00", "q": "0.369", "nq": "0.369", "f": 7435603196, "l": 7435603209, "T": 1773485081082, "m": false}}
{"local_ts": 1773485081902, "server_ts": 1773485081084, "data": {"e": "aggTrade", "E": 1773485081088, "a": 3200099081, "s": "BTCUSDT", "p": "70500.10", "q": "0.096", "nq": "0.096", "f": 7435603210, "l": 7435603213, "T": 1773485081084, "m": false}}
{"local_ts": 1773485081903, "server_ts": 1773485081084, "data": {"e": "aggTrade", "E": 1773485081088, "a": 3200099082, "s": "BTCUSDT", "p": "70500.20", "q": "0.002", "nq": "0.002", "f": 7435603214, "l": 7435603214, "T": 1773485081084, "m": false}}
{"local_ts": 1773485081903, "server_ts": 1773485081084, "data": {"e": "aggTrade", "E": 1773485081088, "a": 3200099083, "s": "BTCUSDT", "p": "70500.30", "q": "0.003", "nq": "0.003", "f": 7435603215, "l": 7435603215, "T": 1773485081084, "m": false}}
{"local_ts": 1773485081904, "server_ts": 1773485081084, "data": {"e": "aggTrade", "E": 1773485081088, "a": 3200099084, "s": "BTCUSDT", "p": "70500.50", "q": "0.004", "nq": "0.004", "f": 7435603216, "l": 7435603217, "T": 1773485081084, "m": false}}
{"local_ts": 1773485081904, "server_ts": 1773485081084, "data": {"e": "aggTrade", "E": 1773485081088, "a": 3200099085, "s": "BTCUSDT", "p": "70500.60", "q": "0.002", "nq": "0.002", "f": 7435603218, "l": 7435603218, "T": 1773485081084, "m": false}}
{"local_ts": 1773485081905, "server_ts": 1773485081084, "data": {"e": "aggTrade", "E": 1773485081088, "a": 3200099086, "s": "BTCUSDT", "p": "70500.80", "q": "0.224", "nq": "0.224", "f": 7435603219, "l": 7435603219, "T": 1773485081084, "m": false}}
{"local_ts": 1773485081905, "server_ts": 1773485081084, "data": {"e": "aggTrade", "E": 1773485081088, "a": 3200099087, "s": "BTCUSDT", "p": "70501.00", "q": "0.003", "nq": "0.003", "f": 7435603220, "l": 7435603221, "T": 1773485081084, "m": false}}
{"local_ts": 1773485081905, "server_ts": 1773485081084, "data": {"e": "aggTrade", "E": 1773485081088, "a": 3200099088, "s": "BTCUSDT", "p": "70501.30", "q": "0.003", "nq": "0.003", "f": 7435603222, "l": 7435603222, "T": 1773485081084, "m": false}}
{"local_ts": 1773485081906, "server_ts": 1773485081084, "data": {"e": "aggTrade", "E": 1773485081088, "a": 3200099089, "s": "BTCUSDT", "p": "70501.40", "q": "0.003", "nq": "0.003", "f": 7435603223, "l": 7435603224, "T": 1773485081084, "m": false}}
{"local_ts": 1773485081906, "server_ts": 1773485081084, "data": {"e": "aggTrade", "E": 1773485081088, "a": 3200099090, "s": "BTCUSDT", "p": "70501.50", "q": "0.002", "nq": "0.002", "f": 7435603225, "l": 7435603225, "T": 1773485081084, "m": false}}
{"local_ts": 1773485081907, "server_ts": 1773485081084, "data": {"e": "aggTrade", "E": 1773485081088, "a": 3200099091, "s": "BTCUSDT", "p": "70501.90", "q": "0.003", "nq": "0.003", "f": 7435603226, "l": 7435603226, "T": 1773485081084, "m": false}}
{"local_ts": 1773485081907, "server_ts": 1773485081084, "data": {"e": "aggTrade", "E": 1773485081088, "a": 3200099092, "s": "BTCUSDT", "p": "70502.00", "q": "0.001", "nq": "0.001", "f": 7435603227, "l": 7435603227, "T": 1773485081084, "m": false}}
{"local_ts": 1773485081908, "server_ts": 1773485081084, "data": {"e": "aggTrade", "E": 1773485081089, "a": 3200099093, "s": "BTCUSDT", "p": "70502.10", "q": "0.216", "nq": "0.216", "f": 7435603228, "l": 7435603229, "T": 1773485081084, "m": false}}
{"local_ts": 1773485081908, "server_ts": 1773485081084, "data": {"e": "aggTrade", "E": 1773485081089, "a": 3200099094, "s": "BTCUSDT", "p": "70502.20", "q": "0.004", "nq": "0.004", "f": 7435603230, "l": 7435603231, "T": 1773485081084, "m": false}}
{"local_ts": 1773485081908, "server_ts": 1773485081084, "data": {"e": "aggTrade", "E": 1773485081089, "a": 3200099095, "s": "BTCUSDT", "p": "70502.40", "q": "0.002", "nq": "0.002", "f": 7435603232, "l": 7435603232, "T": 1773485081084, "m": false}}
{"local_ts": 1773485081909, "server_ts": 1773485081084, "data": {"e": "aggTrade", "E": 1773485081089, "a": 3200099096, "s": "BTCUSDT", "p": "70502.50", "q": "0.002", "nq": "0.002", "f": 7435603233, "l": 7435603233, "T": 1773485081084, "m": false}}
{"local_ts": 1773485081909, "server_ts": 1773485081084, "data": {"e": "aggTrade", "E": 1773485081089, "a": 3200099097, "s": "BTCUSDT", "p": "70502.60", "q": "0.004", "nq": "0.004", "f": 7435603234, "l": 7435603235, "T": 1773485081084, "m": false}}
{"local_ts": 1773485081910, "server_ts": 1773485081084, "data": {"e": "aggTrade", "E": 1773485081089, "a": 3200099098, "s": "BTCUSDT", "p": "70502.80", "q": "0.001", "nq": "0.001", "f": 7435603236, "l": 7435603236, "T": 1773485081084, "m": false}}
{"local_ts": 1773485081910, "server_ts": 1773485081085, "data": {"e": "aggTrade", "E": 1773485081089, "a": 3200099099, "s": "BTCUSDT", "p": "70502.90", "q": "0.004", "nq": "0.004", "f": 7435603237, "l": 7435603238, "T": 1773485081085, "m": false}}
{"local_ts": 1773485081910, "server_ts": 1773485081085, "data": {"e": "aggTrade", "E": 1773485081089, "a": 3200099100, "s": "BTCUSDT", "p": "70503.00", "q": "0.021", "nq": "0.021", "f": 7435603239, "l": 7435603240, "T": 1773485081085, "m": false}}
{"local_ts": 1773485081911, "server_ts": 1773485081085, "data": {"e": "aggTrade", "E": 1773485081089, "a": 3200099101, "s": "BTCUSDT", "p": "70503.10", "q": "0.008", "nq": "0.008", "f": 7435603241, "l": 7435603242, "T": 1773485081085, "m": false}}
{"local_ts": 1773485081911, "server_ts": 1773485081085, "data": {"e": "aggTrade", "E": 1773485081089, "a": 3200099102, "s": "BTCUSDT", "p": "70503.20", "q": "0.001", "nq": "0.001", "f": 7435603243, "l": 7435603243, "T": 1773485081085, "m": false}}
{"local_ts": 1773485081912, "server_ts": 1773485081085, "data": {"e": "aggTrade", "E": 1773485081089, "a": 3200099103, "s": "BTCUSDT", "p": "70503.30", "q": "0.003", "nq": "0.003", "f": 7435603244, "l": 7435603244, "T": 1773485081085, "m": false}}
{"local_ts": 1773485081912, "server_ts": 1773485081085, "data": {"e": "aggTrade", "E": 1773485081089, "a": 3200099104, "s": "BTCUSDT", "p": "70503.40", "q": "0.001", "nq": "0.001", "f": 7435603245, "l": 7435603245, "T": 1773485081085, "m": false}}
{"local_ts": 1773485081912, "server_ts": 1773485081085, "data": {"e": "aggTrade", "E": 1773485081089, "a": 3200099105, "s": "BTCUSDT", "p": "70503.60", "q": "0.003", "nq": "0.003", "f": 7435603246, "l": 7435603246, "T": 1773485081085, "m": false}}
{"local_ts": 1773485081913, "server_ts": 1773485081085, "data": {"e": "aggTrade", "E": 1773485081089, "a": 3200099106, "s": "BTCUSDT", "p": "70503.70", "q": "0.001", "nq": "0.001", "f": 7435603247, "l": 7435603247, "T": 1773485081085, "m": false}}
{"local_ts": 1773485081913, "server_ts": 1773485081085, "data": {"e": "aggTrade", "E": 1773485081089, "a": 3200099107, "s": "BTCUSDT", "p": "70503.90", "q": "0.005", "nq": "0.005", "f": 7435603248, "l": 7435603249, "T": 1773485081085, "m": false}}
{"local_ts": 1773485081913, "server_ts": 1773485081085, "data": {"e": "aggTrade", "E": 1773485081089, "a": 3200099108, "s": "BTCUSDT", "p": "70504.00", "q": "0.006", "nq": "0.006", "f": 7435603250, "l": 7435603252, "T": 1773485081085, "m": false}}
{"local_ts": 1773485081914, "server_ts": 1773485081085, "data": {"e": "aggTrade", "E": 1773485081089, "a": 3200099109, "s": "BTCUSDT", "p": "70504.10", "q": "0.001", "nq": "0.001", "f": 7435603253, "l": 7435603253, "T": 1773485081085, "m": false}}
{"local_ts": 1773485081914, "server_ts": 1773485081085, "data": {"e": "aggTrade", "E": 1773485081089, "a": 3200099110, "s": "BTCUSDT", "p": "70504.20", "q": "0.002", "nq": "0.002", "f": 7435603254, "l": 7435603254, "T": 1773485081085, "m": false}}
{"local_ts": 1773485081915, "server_ts": 1773485081085, "data": {"e": "aggTrade", "E": 1773485081089, "a": 3200099111, "s": "BTCUSDT", "p": "70504.30", "q": "0.001", "nq": "0.001", "f": 7435603255, "l": 7435603255, "T": 1773485081085, "m": false}}
{"local_ts": 1773485081915, "server_ts": 1773485081085, "data": {"e": "aggTrade", "E": 1773485081089, "a": 3200099112, "s": "BTCUSDT", "p": "70504.50", "q": "0.004", "nq": "0.004", "f": 7435603256, "l": 7435603257, "T": 1773485081085, "m": false}}
{"local_ts": 1773485081915, "server_ts": 1773485081085, "data": {"e": "aggTrade", "E": 1773485081096, "a": 3200099113, "s": "BTCUSDT", "p": "70504.60", "q": "0.002", "nq": "0.002", "f": 7435603258, "l": 7435603258, "T": 1773485081085, "m": false}}
{"local_ts": 1773485081916, "server_ts": 1773485081090, "data": {"e": "aggTrade", "E": 1773485081099, "a": 3200099114, "s": "BTCUSDT", "p": "70504.70", "q": "0.242", "nq": "0.242", "f": 7435603259, "l": 7435603264, "T": 1773485081090, "m": false}}
{"local_ts": 1773485081916, "server_ts": 1773485081094, "data": {"e": "aggTrade", "E": 1773485081101, "a": 3200099115, "s": "BTCUSDT", "p": "70504.80", "q": "0.002", "nq": "0.002", "f": 7435603265, "l": 7435603265, "T": 1773485081094, "m": false}}
{"local_ts": 1773485081917, "server_ts": 1773485081097, "data": {"e": "aggTrade", "E": 1773485081101, "a": 3200099116, "s": "BTCUSDT", "p": "70504.90", "q": "0.001", "nq": "0.001", "f": 7435603266, "l": 7435603266, "T": 1773485081097, "m": false}}
{"local_ts": 1773485081917, "server_ts": 1773485081097, "data": {"e": "aggTrade", "E": 1773485081101, "a": 3200099117, "s": "BTCUSDT", "p": "70505.00", "q": "0.008", "nq": "0.008", "f": 7435603267, "l": 7435603269, "T": 1773485081097, "m": false}}
{"local_ts": 1773485081917, "server_ts": 1773485081097, "data": {"e": "aggTrade", "E": 1773485081101, "a": 3200099118, "s": "BTCUSDT", "p": "70505.10", "q": "0.002", "nq": "0.002", "f": 7435603270, "l": 7435603270, "T": 1773485081097, "m": false}}
{"local_ts": 1773485081918, "server_ts": 1773485081097, "data": {"e": "aggTrade", "E": 1773485081101, "a": 3200099119, "s": "BTCUSDT", "p": "70505.20", "q": "0.005", "nq": "0.005", "f": 7435603271, "l": 7435603273, "T": 1773485081097, "m": false}}
{"local_ts": 1773485081918, "server_ts": 1773485081097, "data": {"e": "aggTrade", "E": 1773485081101, "a": 3200099120, "s": "BTCUSDT", "p": "70505.50", "q": "0.001", "nq": "0.001", "f": 7435603274, "l": 7435603274, "T": 1773485081097, "m": false}}
{"local_ts": 1773485081918, "server_ts": 1773485081097, "data": {"e": "aggTrade", "E": 1773485081101, "a": 3200099121, "s": "BTCUSDT", "p": "70505.60", "q": "0.002", "nq": "0.002", "f": 7435603275, "l": 7435603275, "T": 1773485081097, "m": false}}
{"local_ts": 1773485081919, "server_ts": 1773485081097, "data": {"e": "aggTrade", "E": 1773485081104, "a": 3200099122, "s": "BTCUSDT", "p": "70505.80", "q": "0.001", "nq": "0.001", "f": 7435603276, "l": 7435603276, "T": 1773485081097, "m": false}}
{"local_ts": 1773485081920, "server_ts": 1773485081101, "data": {"e": "aggTrade", "E": 1773485081106, "a": 3200099123, "s": "BTCUSDT", "p": "70505.90", "q": "0.022", "nq": "0.022", "f": 7435603277, "l": 7435603278, "T": 1773485081101, "m": false}}
{"local_ts": 1773485081980, "server_ts": 1773485081103, "data": {"e": "aggTrade", "E": 1773485081180, "a": 3200099124, "s": "BTCUSDT", "p": "70506.00", "q": "0.017", "nq": "0.017", "f": 7435603279, "l": 7435603283, "T": 1773485081103, "m": false}}
{"local_ts": 1773485082086, "server_ts": 1773485081178, "data": {"e": "aggTrade", "E": 1773485081292, "a": 3200099125, "s": "BTCUSDT", "p": "70505.90", "q": "0.002", "nq": "0.002", "f": 7435603284, "l": 7435603284, "T": 1773485081178, "m": true}}
{"local_ts": 1773485082236, "server_ts": 1773485081290, "data": {"e": "aggTrade", "E": 1773485081443, "a": 3200099126, "s": "BTCUSDT", "p": "70505.90", "q": "0.010", "nq": "0.010", "f": 7435603285, "l": 7435603285, "T": 1773485081290, "m": true}}
{"local_ts": 1773485082897, "server_ts": 1773485081943, "data": {"e": "aggTrade", "E": 1773485082097, "a": 3200099127, "s": "BTCUSDT", "p": "70505.90", "q": "0.142", "nq": "0.142", "f": 7435603286, "l": 7435603286, "T": 1773485081943, "m": true}}
{"local_ts": 1773485082942, "server_ts": 1773485082113, "data": {"e": "aggTrade", "E": 1773485082148, "a": 3200099128, "s": "BTCUSDT", "p": "70506.00", "q": "0.002", "nq": "0.002", "f": 7435603287, "l": 7435603287, "T": 1773485082113, "m": false}}
{"local_ts": 1773485083076, "server_ts": 1773485082147, "data": {"e": "aggTrade", "E": 1773485082283, "a": 3200099129, "s": "BTCUSDT", "p": "70505.90", "q": "0.144", "nq": "0.144", "f": 7435603288, "l": 7435603289, "T": 1773485082147, "m": true}}
{"local_ts": 1773485083092, "server_ts": 1773485082280, "data": {"e": "aggTrade", "E": 1773485082299, "a": 3200099130, "s": "BTCUSDT", "p": "70506.00", "q": "0.029", "nq": "0.029", "f": 7435603290, "l": 7435603292, "T": 1773485082280, "m": false}}
{"local_ts": 1773485083243, "server_ts": 1773485082296, "data": {"e": "aggTrade", "E": 1773485082450, "a": 3200099131, "s": "BTCUSDT", "p": "70505.90", "q": "0.142", "nq": "0.142", "f": 7435603293, "l": 7435603293, "T": 1773485082296, "m": true}}
{"local_ts": 1773485083394, "server_ts": 1773485082449, "data": {"e": "aggTrade", "E": 1773485082601, "a": 3200099132, "s": "BTCUSDT", "p": "70505.90", "q": "0.144", "nq": "0.144", "f": 7435603294, "l": 7435603295, "T": 1773485082449, "m": true}}
{"local_ts": 1773485083562, "server_ts": 1773485082614, "data": {"e": "aggTrade", "E": 1773485082768, "a": 3200099133, "s": "BTCUSDT", "p": "70505.90", "q": "0.142", "nq": "0.142", "f": 7435603296, "l": 7435603296, "T": 1773485082614, "m": true}}
{"local_ts": 1773485083736, "server_ts": 1773485082883, "data": {"e": "aggTrade", "E": 1773485082943, "a": 3200099134, "s": "BTCUSDT", "p": "70505.90", "q": "0.142", "nq": "0.142", "f": 7435603297, "l": 7435603297, "T": 1773485082883, "m": true}}
{"local_ts": 1773485083890, "server_ts": 1773485082940, "data": {"e": "aggTrade", "E": 1773485083094, "a": 3200099135, "s": "BTCUSDT", "p": "70506.00", "q": "0.200", "nq": "0.200", "f": 7435603298, "l": 7435603298, "T": 1773485082940, "m": false}}
{"local_ts": 1773485084109, "server_ts": 1773485083160, "data": {"e": "aggTrade", "E": 1773485083313, "a": 3200099136, "s": "BTCUSDT", "p": "70505.90", "q": "0.432", "nq": "0.432", "f": 7435603299, "l": 7435603301, "T": 1773485083160, "m": true}}
{"local_ts": 1773485084735, "server_ts": 1773485083791, "data": {"e": "aggTrade", "E": 1773485083943, "a": 3200099137, "s": "BTCUSDT", "p": "70506.00", "q": "0.106", "nq": "0.106", "f": 7435603302, "l": 7435603303, "T": 1773485083791, "m": false}}
{"local_ts": 1773485085377, "server_ts": 1773485084431, "data": {"e": "aggTrade", "E": 1773485084584, "a": 3200099138, "s": "BTCUSDT", "p": "70506.00", "q": "0.003", "nq": "0.003", "f": 7435603304, "l": 7435603304, "T": 1773485084431, "m": false}}
{"local_ts": 1773485085566, "server_ts": 1773485084622, "data": {"e": "aggTrade", "E": 1773485084775, "a": 3200099139, "s": "BTCUSDT", "p": "70506.00", "q": "0.027", "nq": "0.027", "f": 7435603305, "l": 7435603305, "T": 1773485084622, "m": false}}
{"local_ts": 1773485085727, "server_ts": 1773485084836, "data": {"e": "aggTrade", "E": 1773485084929, "a": 3200099140, "s": "BTCUSDT", "p": "70505.90", "q": "0.283", "nq": "0.283", "f": 7435603306, "l": 7435603306, "T": 1773485084836, "m": true}}
{"local_ts": 1773485085874, "server_ts": 1773485084927, "data": {"e": "aggTrade", "E": 1773485085080, "a": 3200099141, "s": "BTCUSDT", "p": "70506.00", "q": "0.002", "nq": "0.002", "f": 7435603307, "l": 7435603307, "T": 1773485084927, "m": false}}
{"local_ts": 1773485086432, "server_ts": 1773485085487, "data": {"e": "aggTrade", "E": 1773485085639, "a": 3200099142, "s": "BTCUSDT", "p": "70505.90", "q": "0.028", "nq": "0.028", "f": 7435603308, "l": 7435603308, "T": 1773485085487, "m": true}}
{"local_ts": 1773485086603, "server_ts": 1773485085658, "data": {"e": "aggTrade", "E": 1773485085810, "a": 3200099143, "s": "BTCUSDT", "p": "70506.00", "q": "0.007", "nq": "0.007", "f": 7435603309, "l": 7435603309, "T": 1773485085658, "m": false}}
{"local_ts": 1773485086892, "server_ts": 1773485085969, "data": {"e": "aggTrade", "E": 1773485086095, "a": 3200099144, "s": "BTCUSDT", "p": "70506.00", "q": "0.037", "nq": "0.037", "f": 7435603310, "l": 7435603310, "T": 1773485085969, "m": false}}
{"local_ts": 1773485086975, "server_ts": 1773485086094, "data": {"e": "aggTrade", "E": 1773485086181, "a": 3200099145, "s": "BTCUSDT", "p": "70505.90", "q": "0.002", "nq": "0.002", "f": 7435603311, "l": 7435603311, "T": 1773485086094, "m": true}}
{"local_ts": 1773485087103, "server_ts": 1773485086179, "data": {"e": "aggTrade", "E": 1773485086310, "a": 3200099146, "s": "BTCUSDT", "p": "70506.00", "q": "0.043", "nq": "0.043", "f": 7435603312, "l": 7435603314, "T": 1773485086179, "m": false}}
{"local_ts": 1773485087219, "server_ts": 1773485086307, "data": {"e": "aggTrade", "E": 1773485086417, "a": 3200099147, "s": "BTCUSDT", "p": "70505.90", "q": "0.045", "nq": "0.045", "f": 7435603315, "l": 7435603316, "T": 1773485086307, "m": true}}
{"local_ts": 1773485087261, "server_ts": 1773485086416, "data": {"e": "aggTrade", "E": 1773485086462, "a": 3200099148, "s": "BTCUSDT", "p": "70506.00", "q": "2.527", "nq": "2.527", "f": 7435603317, "l": 7435603340, "T": 1773485086416, "m": false}}
{"local_ts": 1773485087261, "server_ts": 1773485086458, "data": {"e": "aggTrade", "E": 1773485086462, "a": 3200099149, "s": "BTCUSDT", "p": "70506.10", "q": "0.005", "nq": "0.005", "f": 7435603341, "l": 7435603343, "T": 1773485086458, "m": false}}
{"local_ts": 1773485087262, "server_ts": 1773485086458, "data": {"e": "aggTrade", "E": 1773485086462, "a": 3200099150, "s": "BTCUSDT", "p": "70506.20", "q": "0.002", "nq": "0.002", "f": 7435603344, "l": 7435603344, "T": 1773485086458, "m": false}}
{"local_ts": 1773485087262, "server_ts": 1773485086458, "data": {"e": "aggTrade", "E": 1773485086462, "a": 3200099151, "s": "BTCUSDT", "p": "70506.30", "q": "0.002", "nq": "0.002", "f": 7435603345, "l": 7435603345, "T": 1773485086458, "m": false}}
{"local_ts": 1773485087263, "server_ts": 1773485086458, "data": {"e": "aggTrade", "E": 1773485086462, "a": 3200099152, "s": "BTCUSDT", "p": "70506.50", "q": "0.002", "nq": "0.002", "f": 7435603346, "l": 7435603346, "T": 1773485086458, "m": false}}
{"local_ts": 1773485087263, "server_ts": 1773485086458, "data": {"e": "aggTrade", "E": 1773485086462, "a": 3200099153, "s": "BTCUSDT", "p": "70506.90", "q": "0.018", "nq": "0.018", "f": 7435603347, "l": 7435603349, "T": 1773485086458, "m": false}}
{"local_ts": 1773485087263, "server_ts": 1773485086458, "data": {"e": "aggTrade", "E": 1773485086462, "a": 3200099154, "s": "BTCUSDT", "p": "70507.00", "q": "0.008", "nq": "0.008", "f": 7435603350, "l": 7435603350, "T": 1773485086458, "m": false}}
{"local_ts": 1773485087264, "server_ts": 1773485086458, "data": {"e": "aggTrade", "E": 1773485086462, "a": 3200099155, "s": "BTCUSDT", "p": "70507.10", "q": "0.212", "nq": "0.212", "f": 7435603351, "l": 7435603351, "T": 1773485086458, "m": false}}
{"local_ts": 1773485087264, "server_ts": 1773485086458, "data": {"e": "aggTrade", "E": 1773485086462, "a": 3200099156, "s": "BTCUSDT", "p": "70507.20", "q": "0.002", "nq": "0.002", "f": 7435603352, "l": 7435603352, "T": 1773485086458, "m": false}}
{"local_ts": 1773485087265, "server_ts": 1773485086458, "data": {"e": "aggTrade", "E": 1773485086462, "a": 3200099157, "s": "BTCUSDT", "p": "70507.40", "q": "0.041", "nq": "0.041", "f": 7435603353, "l": 7435603355, "T": 1773485086458, "m": false}}
{"local_ts": 1773485087265, "server_ts": 1773485086458, "data": {"e": "aggTrade", "E": 1773485086462, "a": 3200099158, "s": "BTCUSDT", "p": "70507.50", "q": "0.026", "nq": "0.026", "f": 7435603356, "l": 7435603359, "T": 1773485086458, "m": false}}
{"local_ts": 1773485087265, "server_ts": 1773485086458, "data": {"e": "aggTrade", "E": 1773485086462, "a": 3200099159, "s": "BTCUSDT", "p": "70507.60", "q": "0.002", "nq": "0.002", "f": 7435603360, "l": 7435603360, "T": 1773485086458, "m": false}}
{"local_ts": 1773485087266, "server_ts": 1773485086458, "data": {"e": "aggTrade", "E": 1773485086462, "a": 3200099160, "s": "BTCUSDT", "p": "70507.80", "q": "0.007", "nq": "0.007", "f": 7435603361, "l": 7435603363, "T": 1773485086458, "m": false}}
{"local_ts": 1773485087266, "server_ts": 1773485086458, "data": {"e": "aggTrade", "E": 1773485086462, "a": 3200099161, "s": "BTCUSDT", "p": "70508.00", "q": "0.001", "nq": "0.001", "f": 7435603364, "l": 7435603364, "T": 1773485086458, "m": false}}
{"local_ts": 1773485087266, "server_ts": 1773485086458, "data": {"e": "aggTrade", "E": 1773485086462, "a": 3200099162, "s": "BTCUSDT", "p": "70508.10", "q": "0.002", "nq": "0.002", "f": 7435603365, "l": 7435603365, "T": 1773485086458, "m": false}}
