{"local_ts": 1773486511977, "server_ts": 1773486511939, "data": {"e": "aggTrade", "E": 1773486511945, "a": 3200109770, "s": "BTCUSDT", "p": "70636.20", "q": "0.134", "nq": "0.134", "f": 7435629718, "l": 7435629734, "T": 1773486511939, "m": false}}
{"local_ts": 1773486511978, "server_ts": 1773486511939, "data": {"e": "aggTrade", "E": 1773486511946, "a": 3200109771, "s": "BTCUSDT", "p": "70636.30", "q": "0.052", "nq": "0.052", "f": 7435629735, "l": 7435629737, "T": 1773486511939, "m": false}}
{"local_ts": 1773486511978, "server_ts": 1773486511940, "data": {"e": "aggTrade", "E": 1773486511946, "a": 3200109772, "s": "BTCUSDT", "p": "70636.70", "q": "0.002", "nq": "0.002", "f": 7435629738, "l": 7435629738, "T": 1773486511940, "m": false}}
{"local_ts": 1773486511979, "server_ts": 1773486511940, "data": {"e": "aggTrade", "E": 1773486511946, "a": 3200109773, "s": "BTCUSDT", "p": "70636.80", "q": "0.080", "nq": "0.080", "f": 7435629739, "l": 7435629739, "T": 1773486511940, "m": false}}
{"local_ts": 1773486511979, "server_ts": 1773486511940, "data": {"e": "aggTrade", "E": 1773486511946, "a": 3200109774, "s": "BTCUSDT", "p": "70637.00", "q": "0.002", "nq": "0.002", "f": 7435629740, "l": 7435629740, "T": 1773486511940, "m": false}}
{"local_ts": 1773486511985, "server_ts": 1773486511940, "data": {"e": "aggTrade", "E": 1773486511953, "a": 3200109775, "s": "BTCUSDT", "p": "70637.10", "q": "0.002", "nq": "0.002", "f": 7435629741, "l": 7435629741, "T": 1773486511940, "m": false}}
{"local_ts": 1773486512003, "server_ts": 1773486511944, "data": {"e": "aggTrade", "E": 1773486511971, "a": 3200109776, "s": "BTCUSDT", "p": "70637.40", "q": "0.002", "nq": "0.002", "f": 7435629742, "l": 7435629742, "T": 1773486511944, "m": false}}
{"local_ts": 1773486512003, "server_ts": 1773486511957, "data": {"e": "aggTrade", "E": 1773486511972, "a": 3200109777, "s": "BTCUSDT", "p": "70637.50", "q": "0.072", "nq": "0.072", "f": 7435629743, "l": 7435629744, "T": 1773486511957, "m": false}}
{"local_ts": 1773486512006, "server_ts": 1773486511961, "data": {"e": "aggTrade", "E": 1773486511973, "a": 3200109778, "s": "BTCUSDT", "p": "70637.60", "q": "0.005", "nq": "0.005", "f": 7435629745, "l": 7435629746, "T": 1773486511961, "m": false}}
{"local_ts": 1773486512007, "server_ts": 1773486511961, "data": {"e": "aggTrade", "E": 1773486511973, "a": 3200109779, "s": "BTCUSDT", "p": "70637.70", "q": "0.002", "nq": "0.002", "f": 7435629747, "l": 7435629747, "T": 1773486511961, "m": false}}
{"local_ts": 1773486512007, "server_ts": 1773486511961, "data": {"e": "aggTrade", "E": 1773486511973, "a": 3200109780, "s": "BTCUSDT", "p": "70637.90", "q": "0.003", "nq": "0.003", "f": 7435629748, "l": 7435629748, "T": 1773486511961, "m": false}}
{"local_ts": 1773486512007, "server_ts": 1773486511961, "data": {"e": "aggTrade", "E": 1773486511973, "a": 3200109781, "s": "BTCUSDT", "p": "70638.00", "q": "0.003", "nq": "0.003", "f": 7435629749, "l": 7435629749, "T": 1773486511961, "m": false}}
{"local_ts": 1773486512008, "server_ts": 1773486511961, "data": {"e": "aggTrade", "E": 1773486511973, "a": 3200109782, "s": "BTCUSDT", "p": "70638.60", "q": "0.004", "nq": "0.004", "f": 7435629750, "l": 7435629751, "T": 1773486511961, "m": false}}
{"local_ts": 1773486512008, "server_ts": 1773486511961, "data": {"e": "aggTrade", "E": 1773486511973, "a": 3200109783, "s": "BTCUSDT", "p": "70638.90", "q": "0.002", "nq": "0.002", "f": 7435629752, "l": 7435629752, "T": 1773486511961, "m": false}}
{"local_ts": 1773486512008, "server_ts": 1773486511961, "data": {"e": "aggTrade", "E": 1773486511973, "a": 3200109784, "s": "BTCUSDT", "p": "70639.20", "q": "0.001", "nq": "0.001", "f": 7435629753, "l": 7435629753, "T": 1773486511961, "m": false}}
{"local_ts": 1773486512008, "server_ts": 1773486511961, "data": {"e": "aggTrade", "E": 1773486511973, "a": 3200109785, "s": "BTCUSDT", "p": "70639.50", "q": "0.001", "nq": "0.001", "f": 7435629754, "l": 7435629754, "T": 1773486511961, "m": false}}
{"local_ts": 1773486512008, "server_ts": 1773486511961, "data": {"e": "aggTrade", "E": 1773486511973, "a": 3200109786, "s": "BTCUSDT", "p": "70639.90", "q": "0.004", "nq": "0.004", "f": 7435629755, "l": 7435629756, "T": 1773486511961, "m": false}}
{"local_ts": 1773486512009, "server_ts": 1773486511961, "data": {"e": "aggTrade", "E": 1773486511974, "a": 3200109787, "s": "BTCUSDT", "p": "70640.00", "q": "0.002", "nq": "0.002", "f": 7435629757, "l": 7435629757, "T": 1773486511961, "m": false}}
{"local_ts": 1773486512157, "server_ts": 1773486511965, "data": {"e": "aggTrade", "E": 1773486512125, "a": 3200109788, "s": "BTCUSDT", "p": "70640.10", "q": "0.010", "nq": "0.010", "f": 7435629758, "l": 7435629760, "T": 1773486511965, "m": false}}
{"local_ts": 1773486512501, "server_ts": 1773486512353, "data": {"e": "aggTrade", "E": 1773486512471, "a": 3200109789, "s": "BTCUSDT", "p": "70640.20", "q": "0.002", "nq": "0.002", "f": 7435629761, "l": 7435629761, "T": 1773486512353, "m": false}}
{"local_ts": 1773486512506, "server_ts": 1773486512464, "data": {"e": "aggTrade", "E": 1773486512471, "a": 3200109790, "s": "BTCUSDT", "p": "70640.20", "q": "0.686", "nq": "0.686", "f": 7435629762, "l": 7435629782, "T": 1773486512464, "m": false}}
{"local_ts": 1773486512507, "server_ts": 1773486512465, "data": {"e": "aggTrade", "E": 1773486512472, "a": 3200109791, "s": "BTCUSDT", "p": "70640.30", "q": "0.005", "nq": "0.005", "f": 7435629783, "l": 7435629784, "T": 1773486512465, "m": false}}
{"local_ts": 1773486512507, "server_ts": 1773486512466, "data": {"e": "aggTrade", "E": 1773486512472, "a": 3200109792, "s": "BTCUSDT", "p": "70640.40", "q": "0.002", "nq": "0.002", "f": 7435629785, "l": 7435629785, "T": 1773486512466, "m": false}}
{"local_ts": 1773486512508, "server_ts": 1773486512466, "data": {"e": "aggTrade", "E": 1773486512472, "a": 3200109793, "s": "BTCUSDT", "p": "70640.50", "q": "0.015", "nq": "0.015", "f": 7435629786, "l": 7435629790, "T": 1773486512466, "m": false}}
{"local_ts": 1773486512508, "server_ts": 1773486512466, "data": {"e": "aggTrade", "E": 1773486512472, "a": 3200109794, "s": "BTCUSDT", "p": "70640.80", "q": "0.080", "nq": "0.080", "f": 7435629791, "l": 7435629791, "T": 1773486512466, "m": false}}
{"local_ts": 1773486512509, "server_ts": 1773486512466, "data": {"e": "aggTrade", "E": 1773486512472, "a": 3200109795, "s": "BTCUSDT", "p": "70640.90", "q": "0.003", "nq": "0.003", "f": 7435629792, "l": 7435629792, "T": 1773486512466, "m": false}}
{"local_ts": 1773486512509, "server_ts": 1773486512466, "data": {"e": "aggTrade", "E": 1773486512472, "a": 3200109796, "s": "BTCUSDT", "p": "70641.00", "q": "0.002", "nq": "0.002", "f": 7435629793, "l": 7435629793, "T": 1773486512466, "m": false}}
{"local_ts": 1773486512509, "server_ts": 1773486512466, "data": {"e": "aggTrade", "E": 1773486512472, "a": 3200109797, "s": "BTCUSDT", "p": "70641.20", "q": "0.013", "nq": "0.013", "f": 7435629794, "l": 7435629796, "T": 1773486512466, "m": false}}
{"local_ts": 1773486512509, "server_ts": 1773486512466, "data": {"e": "aggTrade", "E": 1773486512472, "a": 3200109798, "s": "BTCUSDT", "p": "70641.30", "q": "0.001", "nq": "0.001", "f": 7435629797, "l": 7435629797, "T": 1773486512466, "m": false}}
{"local_ts": 1773486512509, "server_ts": 1773486512466, "data": {"e": "aggTrade", "E": 1773486512472, "a": 3200109799, "s": "BTCUSDT", "p": "70641.60", "q": "0.087", "nq": "0.087", "f": 7435629798, "l": 7435629802, "T": 1773486512466, "m": false}}
{"local_ts": 1773486512510, "server_ts": 1773486512466, "data": {"e": "aggTrade", "E": 1773486512472, "a": 3200109800, "s": "BTCUSDT", "p": "70641.70", "q": "0.005", "nq": "0.005", "f": 7435629803, "l": 7435629803, "T": 1773486512466, "m": false}}
{"local_ts": 1773486512510, "server_ts": 1773486512466, "data": {"e": "aggTrade", "E": 1773486512472, "a": 3200109801, "s": "BTCUSDT", "p": "70641.90", "q": "0.003", "nq": "0.003", "f": 7435629804, "l": 7435629804, "T": 1773486512466, "m": false}}
{"local_ts": 1773486512510, "server_ts": 1773486512466, "data": {"e": "aggTrade", "E": 1773486512477, "a": 3200109802, "s": "BTCUSDT", "p": "70642.10", "q": "0.001", "nq": "0.001", "f": 7435629805, "l": 7435629805, "T": 1773486512466, "m": false}}
{"local_ts": 1773486512511, "server_ts": 1773486512471, "data": {"e": "aggTrade", "E": 1773486512477, "a": 3200109803, "s": "BTCUSDT", "p": "70642.20", "q": "0.002", "nq": "0.002", "f": 7435629806, "l": 7435629806, "T": 1773486512471, "m": false}}
{"local_ts": 1773486512511, "server_ts": 1773486512471, "data": {"e": "aggTrade", "E": 1773486512477, "a": 3200109804, "s": "BTCUSDT", "p": "70642.80", "q": "0.003", "nq": "0.003", "f": 7435629807, "l": 7435629808, "T": 1773486512471, "m": false}}
{"local_ts": 1773486512519, "server_ts": 1773486512471, "data": {"e": "aggTrade", "E": 1773486512486, "a": 3200109805, "s": "BTCUSDT", "p": "70642.90", "q": "0.003", "nq": "0.003", "f": 7435629809, "l": 7435629809, "T": 1773486512471, "m": false}}
{"local_ts": 1773486512520, "server_ts": 1773486512481, "data": {"e": "aggTrade", "E": 1773486512486, "a": 3200109806, "s": "BTCUSDT", "p": "70643.10", "q": "0.004", "nq": "0.004", "f": 7435629810, "l": 7435629811, "T": 1773486512481, "m": false}}
{"local_ts": 1773486512520, "server_ts": 1773486512481, "data": {"e": "aggTrade", "E": 1773486512486, "a": 3200109807, "s": "BTCUSDT", "p": "70643.30", "q": "0.002", "nq": "0.002", "f": 7435629812, "l": 7435629812, "T": 1773486512481, "m": false}}
{"local_ts": 1773486512530, "server_ts": 1773486512481, "data": {"e": "aggTrade", "E": 1773486512495, "a": 3200109808, "s": "BTCUSDT", "p": "70643.40", "q": "0.003", "nq": "0.003", "f": 7435629813, "l": 7435629814, "T": 1773486512481, "m": false}}
{"local_ts": 1773486512531, "server_ts": 1773486512488, "data": {"e": "aggTrade", "E": 1773486512495, "a": 3200109809, "s": "BTCUSDT", "p": "70643.70", "q": "0.006", "nq": "0.006", "f": 7435629815, "l": 7435629816, "T": 1773486512488, "m": false}}
{"local_ts": 1773486512531, "server_ts": 1773486512488, "data": {"e": "aggTrade", "E": 1773486512495, "a": 3200109810, "s": "BTCUSDT", "p": "70643.80", "q": "0.010", "nq": "0.010", "f": 7435629817, "l": 7435629826, "T": 1773486512488, "m": false}}
{"local_ts": 1773486512534, "server_ts": 1773486512488, "data": {"e": "aggTrade", "E": 1773486512499, "a": 3200109811, "s": "BTCUSDT", "p": "70643.90", "q": "0.006", "nq": "0.006", "f": 7435629827, "l": 7435629828, "T": 1773486512488, "m": false}}
{"local_ts": 1773486512534, "server_ts": 1773486512492, "data": {"e": "aggTrade", "E": 1773486512499, "a": 3200109812, "s": "BTCUSDT", "p": "70644.00", "q": "0.084", "nq": "0.084", "f": 7435629829, "l": 7435629834, "T": 1773486512492, "m": false}}
{"local_ts": 1773486512535, "server_ts": 1773486512493, "data": {"e": "aggTrade", "E": 1773486512499, "a": 3200109813, "s": "BTCUSDT", "p": "70644.10", "q": "0.008", "nq": "0.008", "f": 7435629835, "l": 7435629836, "T": 1773486512493, "m": false}}
{"local_ts": 1773486512536, "server_ts": 1773486512493, "data": {"e": "aggTrade", "E": 1773486512499, "a": 3200109814, "s": "BTCUSDT", "p": "70644.20", "q": "0.005", "nq": "0.005", "f": 7435629837, "l": 7435629838, "T": 1773486512493, "m": false}}
{"local_ts": 1773486512536, "server_ts": 1773486512493, "data": {"e": "aggTrade", "E": 1773486512499, "a": 3200109815, "s": "BTCUSDT", "p": "70644.40", "q": "0.005", "nq": "0.005", "f": 7435629839, "l": 7435629840, "T": 1773486512493, "m": false}}
{"local_ts": 1773486512537, "server_ts": 1773486512493, "data": {"e": "aggTrade", "E": 1773486512499, "a": 3200109816, "s": "BTCUSDT", "p": "70644.50", "q": "0.001", "nq": "0.001", "f": 7435629841, "l": 7435629841, "T": 1773486512493, "m": false}}
{"local_ts": 1773486512537, "server_ts": 1773486512493, "data": {"e": "aggTrade", "E": 1773486512499, "a": 3200109817, "s": "BTCUSDT", "p": "70644.60", "q": "0.005", "nq": "0.005", "f": 7435629842, "l": 7435629843, "T": 1773486512493, "m": false}}
{"local_ts": 1773486512538, "server_ts": 1773486512493, "data": {"e": "aggTrade", "E": 1773486512499, "a": 3200109818, "s": "BTCUSDT", "p": "70644.70", "q": "0.004", "nq": "0.004", "f": 7435629844, "l": 7435629845, "T": 1773486512493, "m": false}}
{"local_ts": 1773486512538, "server_ts": 1773486512493, "data": {"e": "aggTrade", "E": 1773486512499, "a": 3200109819, "s": "BTCUSDT", "p": "70644.80", "q": "0.001", "nq": "0.001", "f": 7435629846, "l": 7435629846, "T": 1773486512493, "m": false}}
{"local_ts": 1773486512538, "server_ts": 1773486512493, "data": {"e": "aggTrade", "E": 1773486512499, "a": 3200109820, "s": "BTCUSDT", "p": "70644.90", "q": "0.062", "nq": "0.062", "f": 7435629847, "l": 7435629849, "T": 1773486512493, "m": false}}
{"local_ts": 1773486512539, "server_ts": 1773486512493, "data": {"e": "aggTrade", "E": 1773486512499, "a": 3200109821, "s": "BTCUSDT", "p": "70645.00", "q": "0.045", "nq": "0.045", "f": 7435629850, "l": 7435629852, "T": 1773486512493, "m": false}}
{"local_ts": 1773486512540, "server_ts": 1773486512493, "data": {"e": "aggTrade", "E": 1773486512503, "a": 3200109822, "s": "BTCUSDT", "p": "70645.10", "q": "0.002", "nq": "0.002", "f": 7435629853, "l": 7435629853, "T": 1773486512493, "m": false}}
{"local_ts": 1773486512540, "server_ts": 1773486512498, "data": {"e": "aggTrade", "E": 1773486512503, "a": 3200109823, "s": "BTCUSDT", "p": "70645.20", "q": "0.003", "nq": "0.003", "f": 7435629854, "l": 7435629855, "T": 1773486512498, "m": false}}
{"local_ts": 1773486512541, "server_ts": 1773486512498, "data": {"e": "aggTrade", "E": 1773486512503, "a": 3200109824, "s": "BTCUSDT", "p": "70645.30", "q": "0.003", "nq": "0.003", "f": 7435629856, "l": 7435629856, "T": 1773486512498, "m": false}}
{"local_ts": 1773486512541, "server_ts": 1773486512498, "data": {"e": "aggTrade", "E": 1773486512503, "a": 3200109825, "s": "BTCUSDT", "p": "70645.50", "q": "0.003", "nq": "0.003", "f": 7435629857, "l": 7435629858, "T": 1773486512498, "m": false}}
{"local_ts": 1773486512542, "server_ts": 1773486512498, "data": {"e": "aggTrade", "E": 1773486512503, "a": 3200109826, "s": "BTCUSDT", "p": "70645.70", "q": "0.002", "nq": "0.002", "f": 7435629859, "l": 7435629859, "T": 1773486512498, "m": false}}
{"local_ts": 1773486512542, "server_ts": 1773486512498, "data": {"e": "aggTrade", "E": 1773486512503, "a": 3200109827, "s": "BTCUSDT", "p": "70645.80", "q": "0.072", "nq": "0.072", "f": 7435629860, "l": 7435629862, "T": 1773486512498, "m": false}}
{"local_ts": 1773486512543, "server_ts": 1773486512498, "data": {"e": "aggTrade", "E": 1773486512503, "a": 3200109828, "s": "BTCUSDT", "p": "70645.90", "q": "0.003", "nq": "0.003", "f": 7435629863, "l": 7435629863, "T": 1773486512498, "m": false}}
{"local_ts": 1773486512543, "server_ts": 1773486512498, "data": {"e": "aggTrade", "E": 1773486512504, "a": 3200109829, "s": "BTCUSDT", "p": "70646.00", "q": "0.004", "nq": "0.004", "f": 7435629864, "l": 7435629865, "T": 1773486512498, "m": false}}
{"local_ts": 1773486512544, "server_ts": 1773486512498, "data": {"e": "aggTrade", "E": 1773486512504, "a": 3200109830, "s": "BTCUSDT", "p": "70646.20", "q": "0.001", "nq": "0.001", "f": 7435629866, "l": 7435629866, "T": 1773486512498, "m": false}}
{"local_ts": 1773486512544, "server_ts": 1773486512498, "data": {"e": "aggTrade", "E": 1773486512505, "a": 3200109831, "s": "BTCUSDT", "p": "70646.40", "q": "0.011", "nq": "0.011", "f": 7435629867, "l": 7435629872, "T": 1773486512498, "m": false}}
{"local_ts": 1773486512545, "server_ts": 1773486512499, "data": {"e": "aggTrade", "E": 1773486512505, "a": 3200109832, "s": "BTCUSDT", "p": "70646.60", "q": "0.004", "nq": "0.004", "f": 7435629873, "l": 7435629874, "T": 1773486512499, "m": false}}
{"local_ts": 1773486512545, "server_ts": 1773486512499, "data": {"e": "aggTrade", "E": 1773486512505, "a": 3200109833, "s": "BTCUSDT", "p": "70646.80", "q": "0.005", "nq": "0.005", "f": 7435629875, "l": 7435629876, "T": 1773486512499, "m": false}}
{"local_ts": 1773486512545, "server_ts": 1773486512499, "data": {"e": "aggTrade", "E": 1773486512505, "a": 3200109834, "s": "BTCUSDT", "p": "70646.90", "q": "0.002", "nq": "0.002", "f": 7435629877, "l": 7435629877, "T": 1773486512499, "m": false}}
{"local_ts": 1773486512547, "server_ts": 1773486512499, "data": {"e": "aggTrade", "E": 1773486512510, "a": 3200109835, "s": "BTCUSDT", "p": "70647.00", "q": "0.104", "nq": "0.104", "f": 7435629878, "l": 7435629880, "T": 1773486512499, "m": false}}
{"local_ts": 1773486512547, "server_ts": 1773486512503, "data": {"e": "aggTrade", "E": 1773486512510, "a": 3200109836, "s": "BTCUSDT", "p": "70647.30", "q": "0.006", "nq": "0.006", "f": 7435629881, "l": 7435629883, "T": 1773486512503, "m": false}}
{"local_ts": 1773486512548, "server_ts": 1773486512503, "data": {"e": "aggTrade", "E": 1773486512510, "a": 3200109837, "s": "BTCUSDT", "p": "70647.40", "q": "0.003", "nq": "0.003", "f": 7435629884, "l": 7435629884, "T": 1773486512503, "m": false}}
{"local_ts": 1773486512548, "server_ts": 1773486512503, "data": {"e": "aggTrade", "E": 1773486512510, "a": 3200109838, "s": "BTCUSDT", "p": "70647.50", "q": "0.007", "nq": "0.007", "f": 7435629885, "l": 7435629888, "T": 1773486512503, "m": false}}
{"local_ts": 1773486512548, "server_ts": 1773486512503, "data": {"e": "aggTrade", "E": 1773486512510, "a": 3200109839, "s": "BTCUSDT", "p": "70647.60", "q": "0.002", "nq": "0.002", "f": 7435629889, "l": 7435629889, "T": 1773486512503, "m": false}}
{"local_ts": 1773486512549, "server_ts": 1773486512503, "data": {"e": "aggTrade", "E": 1773486512510, "a": 3200109840, "s": "BTCUSDT", "p": "70647.70", "q": "0.004", "nq": "0.004", "f": 7435629890, "l": 7435629891, "T": 1773486512503, "m": false}}
{"local_ts": 1773486512549, "server_ts": 1773486512503, "data": {"e": "aggTrade", "E": 1773486512510, "a": 3200109841, "s": "BTCUSDT", "p": "70648.00", "q": "0.031", "nq": "0.031", "f": 7435629892, "l": 7435629895, "T": 1773486512503, "m": false}}
{"local_ts": 1773486512549, "server_ts": 1773486512503, "data": {"e": "aggTrade", "E": 1773486512510, "a": 3200109842, "s": "BTCUSDT", "p": "70648.20", "q": "0.006", "nq": "0.006", "f": 7435629896, "l": 7435629897, "T": 1773486512503, "m": false}}
{"local_ts": 1773486512549, "server_ts": 1773486512503, "data": {"e": "aggTrade", "E": 1773486512510, "a": 3200109843, "s": "BTCUSDT", "p": "70648.40", "q": "0.006", "nq": "0.006", "f": 7435629898, "l": 7435629901, "T": 1773486512503, "m": false}}
{"local_ts": 1773486512550, "server_ts": 1773486512503, "data": {"e": "aggTrade", "E": 1773486512511, "a": 3200109844, "s": "BTCUSDT", "p": "70648.60", "q": "0.004", "nq": "0.004", "f": 7435629902, "l": 7435629903, "T": 1773486512503, "m": false}}
{"local_ts": 1773486512550, "server_ts": 1773486512503, "data": {"e": "aggTrade", "E": 1773486512511, "a": 3200109845, "s": "BTCUSDT", "p": "70648.70", "q": "0.028", "nq": "0.028", "f": 7435629904, "l": 7435629906, "T": 1773486512503, "m": false}}
{"local_ts": 1773486512550, "server_ts": 1773486512503, "data": {"e": "aggTrade", "E": 1773486512511, "a": 3200109846, "s": "BTCUSDT", "p": "70648.90", "q": "0.025", "nq": "0.025", "f": 7435629907, "l": 7435629910, "T": 1773486512503, "m": false}}
{"local_ts": 1773486512551, "server_ts": 1773486512503, "data": {"e": "aggTrade", "E": 1773486512511, "a": 3200109847, "s": "BTCUSDT", "p": "70649.00", "q": "0.029", "nq": "0.029", "f": 7435629911, "l": 7435629913, "T": 1773486512503, "m": false}}
{"local_ts": 1773486512551, "server_ts": 1773486512503, "data": {"e": "aggTrade", "E": 1773486512511, "a": 3200109848, "s": "BTCUSDT", "p": "70649.10", "q": "0.009", "nq": "0.009", "f": 7435629914, "l": 7435629916, "T": 1773486512503, "m": false}}
{"local_ts": 1773486512551, "server_ts": 1773486512503, "data": {"e": "aggTrade", "E": 1773486512511, "a": 3200109849, "s": "BTCUSDT", "p": "70649.20", "q": "0.001", "nq": "0.001", "f": 7435629917, "l": 7435629917, "T": 1773486512503, "m": false}}
{"local_ts": 1773486512552, "server_ts": 1773486512503, "data": {"e": "aggTrade", "E": 1773486512515, "a": 3200109850, "s": "BTCUSDT", "p": "70649.30", "q": "0.059", "nq": "0.059", "f": 7435629918, "l": 7435629920, "T": 1773486512503, "m": false}}
{"local_ts": 1773486512560, "server_ts": 1773486512507, "data": {"e": "aggTrade", "E": 1773486512527, "a": 3200109851, "s": "BTCUSDT", "p": "70649.40", "q": "0.067", "nq": "0.067", "f": 7435629921, "l": 7435629925, "T": 1773486512507, "m": false}}
{"local_ts": 1773486512560, "server_ts": 1773486512518, "data": {"e": "aggTrade", "E": 1773486512527, "a": 3200109852, "s": "BTCUSDT", "p": "70649.50", "q": "0.002", "nq": "0.002", "f": 7435629926, "l": 7435629926, "T": 1773486512518, "m": false}}
{"local_ts": 1773486512571, "server_ts": 1773486512518, "data": {"e": "aggTrade", "E": 1773486512539, "a": 3200109853, "s": "BTCUSDT", "p": "70649.60", "q": "0.032", "nq": "0.032", "f": 7435629927, "l": 7435629931, "T": 1773486512518, "m": false}}
{"local_ts": 1773486512572, "server_ts": 1773486512534, "data": {"e": "aggTrade", "E": 1773486512539, "a": 3200109854, "s": "BTCUSDT", "p": "70649.70", "q": "0.003", "nq": "0.003", "f": 7435629932, "l": 7435629933, "T": 1773486512534, "m": false}}
{"local_ts": 1773486512572, "server_ts": 1773486512534, "data": {"e": "aggTrade", "E": 1773486512539, "a": 3200109855, "s": "BTCUSDT", "p": "70649.80", "q": "0.009", "nq": "0.009", "f": 7435629934, "l": 7435629937, "T": 1773486512534, "m": false}}
{"local_ts": 1773486512572, "server_ts": 1773486512534, "data": {"e": "aggTrade", "E": 1773486512539, "a": 3200109856, "s": "BTCUSDT", "p": "70649.90", "q": "0.005", "nq": "0.005", "f": 7435629938, "l": 7435629939, "T": 1773486512534, "m": false}}
{"local_ts": 1773486512576, "server_ts": 1773486512534, "data": {"e": "aggTrade", "E": 1773486512543, "a": 3200109857, "s": "BTCUSDT", "p": "70650.00", "q": "0.024", "nq": "0.024", "f": 7435629940, "l": 7435629942, "T": 1773486512534, "m": false}}
{"local_ts": 1773486512580, "server_ts": 1773486512537, "data": {"e": "aggTrade", "E": 1773486512548, "a": 3200109858, "s": "BTCUSDT", "p": "70649.90", "q": "0.002", "nq": "0.002", "f": 7435629943, "l": 7435629943, "T": 1773486512537, "m": true}}
{"local_ts": 1773486512597, "server_ts": 1773486512542, "data": {"e": "aggTrade", "E": 1773486512553, "a": 3200109859, "s": "BTCUSDT", "p": "70650.00", "q": "4.588", "nq": "4.588", "f": 7435629944, "l": 7435629998, "T": 1773486512542, "m": false}}
{"local_ts": 1773486512597, "server_ts": 1773486512545, "data": {"e": "aggTrade", "E": 1773486512553, "a": 3200109860, "s": "BTCUSDT", "p": "70650.10", "q": "0.002", "nq": "0.002", "f": 7435629999, "l": 7435629999, "T": 1773486512545, "m": false}}
{"local_ts": 1773486512597, "server_ts": 1773486512545, "data": {"e": "aggTrade", "E": 1773486512553, "a": 3200109861, "s": "BTCUSDT", "p": "70650.20", "q": "0.009", "nq": "0.009", "f": 7435630000, "l": 7435630001, "T": 1773486512545, "m": false}}
{"local_ts": 1773486512599, "server_ts": 1773486512545, "data": {"e": "aggTrade", "E": 1773486512558, "a": 3200109862, "s": "BTCUSDT", "p": "70650.30", "q": "0.004", "nq": "0.004", "f": 7435630002, "l": 7435630003, "T": 1773486512545, "m": false}}
{"local_ts": 1773486512600, "server_ts": 1773486512548, "data": {"e": "aggTrade", "E": 1773486512558, "a": 3200109863, "s": "BTCUSDT", "p": "70650.40", "q": "0.009", "nq": "0.009", "f": 7435630004, "l": 7435630004, "T": 1773486512548, "m": false}}
{"local_ts": 1773486512600, "server_ts": 1773486512548, "data": {"e": "aggTrade", "E": 1773486512559, "a": 3200109864, "s": "BTCUSDT", "p": "70650.50", "q": "0.020", "nq": "0.020", "f": 7435630005, "l": 7435630007, "T": 1773486512548, "m": false}}
{"local_ts": 1773486512600, "server_ts": 1773486512548, "data": {"e": "aggTrade", "E": 1773486512559, "a": 3200109865, "s": "BTCUSDT", "p": "70650.60", "q": "0.003", "nq": "0.003", "f": 7435630008, "l": 7435630009, "T": 1773486512548, "m": false}}
{"local_ts": 1773486512600, "server_ts": 1773486512548, "data": {"e": "aggTrade", "E": 1773486512559, "a": 3200109866, "s": "BTCUSDT", "p": "70650.70", "q": "0.150", "nq": "0.150", "f": 7435630010, "l": 7435630010, "T": 1773486512548, "m": false}}
{"local_ts": 1773486512601, "server_ts": 1773486512548, "data": {"e": "aggTrade", "E": 1773486512559, "a": 3200109867, "s": "BTCUSDT", "p": "70650.80", "q": "0.007", "nq": "0.007", "f": 7435630011, "l": 7435630014, "T": 1773486512548, "m": false}}
{"local_ts": 1773486512601, "server_ts": 1773486512548, "data": {"e": "aggTrade", "E": 1773486512559, "a": 3200109868, "s": "BTCUSDT", "p": "70650.90", "q": "0.004", "nq": "0.004", "f": 7435630015, "l": 7435630016, "T": 1773486512548, "m": false}}
{"local_ts": 1773486512601, "server_ts": 1773486512548, "data": {"e": "aggTrade", "E": 1773486512559, "a": 3200109869, "s": "BTCUSDT", "p": "70651.00", "q": "0.423", "nq": "0.423", "f": 7435630017, "l": 7435630021, "T": 1773486512548, "m": false}}
{"local_ts": 1773486512601, "server_ts": 1773486512548, "data": {"e": "aggTrade", "E": 1773486512559, "a": 3200109870, "s": "BTCUSDT", "p": "70651.10", "q": "0.003", "nq": "0.003", "f": 7435630022, "l": 7435630022, "T": 1773486512548, "m": false}}
{"local_ts": 1773486512602, "server_ts": 1773486512548, "data": {"e": "aggTrade", "E": 1773486512559, "a": 3200109871, "s": "BTCUSDT", "p": "70651.20", "q": "0.006", "nq": "0.006", "f": 7435630023, "l": 7435630024, "T": 1773486512548, "m": false}}
{"local_ts": 1773486512602, "server_ts": 1773486512548, "data": {"e": "aggTrade", "E": 1773486512559, "a": 3200109872, "s": "BTCUSDT", "p": "70651.30", "q": "0.005", "nq": "0.005", "f": 7435630025, "l": 7435630026, "T": 1773486512548, "m": false}}
{"local_ts": 1773486512602, "server_ts": 1773486512548, "data": {"e": "aggTrade", "E": 1773486512559, "a": 3200109873, "s": "BTCUSDT", "p": "70651.50", "q": "0.003", "nq": "0.003", "f": 7435630027, "l": 7435630028, "T": 1773486512548, "m": false}}
{"local_ts": 1773486512602, "server_ts": 1773486512548, "data": {"e": "aggTrade", "E": 1773486512559, "a": 3200109874, "s": "BTCUSDT", "p": "70651.60", "q": "0.005", "nq": "0.005", "f": 7435630029, "l": 7435630030, "T": 1773486512548, "m": false}}
{"local_ts": 1773486512602, "server_ts": 1773486512548, "data": {"e": "aggTrade", "E": 1773486512559, "a": 3200109875, "s": "BTCUSDT", "p": "70651.70", "q": "0.004", "nq": "0.004", "f": 7435630031, "l": 7435630032, "T": 1773486512548, "m": false}}
{"local_ts": 1773486512602, "server_ts": 1773486512548, "data": {"e": "aggTrade", "E": 1773486512559, "a": 3200109876, "s": "BTCUSDT", "p": "70651.80", "q": "0.002", "nq": "0.002", "f": 7435630033, "l": 7435630033, "T": 1773486512548, "m": false}}
{"local_ts": 1773486512603, "server_ts": 1773486512548, "data": {"e": "aggTrade", "E": 1773486512559, "a": 3200109877, "s": "BTCUSDT", "p": "70651.90", "q": "0.002", "nq": "0.002", "f": 7435630034, "l": 7435630034, "T": 1773486512548, "m": false}}
{"local_ts": 1773486512603, "server_ts": 1773486512548, "data": {"e": "aggTrade", "E": 1773486512559, "a": 3200109878, "s": "BTCUSDT", "p": "70652.00", "q": "0.002", "nq": "0.002", "f": 7435630035, "l": 7435630035, "T": 1773486512548, "m": false}}
{"local_ts": 1773486512603, "server_ts": 1773486512548, "data": {"e": "aggTrade", "E": 1773486512559, "a": 3200109879, "s": "BTCUSDT", "p": "70652.10", "q": "0.001", "nq": "0.001", "f": 7435630036, "l": 7435630036, "T": 1773486512548, "m": false}}
{"local_ts": 1773486512604, "server_ts": 1773486512548, "data": {"e": "aggTrade", "E": 1773486512559, "a": 3200109880, "s": "BTCUSDT", "p": "70652.20", "q": "0.015", "nq": "0.015", "f": 7435630037, "l": 7435630041, "T": 1773486512548, "m": false}}
{"local_ts": 1773486512604, "server_ts": 1773486512548, "data": {"e": "aggTrade", "E": 1773486512559, "a": 3200109881, "s": "BTCUSDT", "p": "70652.30", "q": "0.002", "nq": "0.002", "f": 7435630042, "l": 7435630042, "T": 1773486512548, "m": false}}
{"local_ts": 1773486512604, "server_ts": 1773486512548, "data": {"e": "aggTrade", "E": 1773486512559, "a": 3200109882, "s": "BTCUSDT", "p": "70652.40", "q": "0.005", "nq": "0.005", "f": 7435630043, "l": 7435630044, "T": 1773486512548, "m": false}}
{"local_ts": 1773486512605, "server_ts": 1773486512548, "data": {"e": "aggTrade", "E": 1773486512559, "a": 3200109883, "s": "BTCUSDT", "p": "70652.50", "q": "0.726", "nq": "0.726", "f": 7435630045, "l": 7435630049, "T": 1773486512548, "m": false}}
{"local_ts": 1773486512605, "server_ts": 1773486512548, "data": {"e": "aggTrade", "E": 1773486512559, "a": 3200109884, "s": "BTCUSDT", "p": "70650.30", "q": "0.058", "nq": "0.058", "f": 7435630050, "l": 7435630052, "T": 1773486512548, "m": true}}
{"local_ts": 1773486512605, "server_ts": 1773486512548, "data": {"e": "aggTrade", "E": 1773486512560, "a": 3200109885, "s": "BTCUSDT", "p": "70652.50", "q": "0.442", "nq": "0.442", "f": 7435630053, "l": 7435630058, "T": 1773486512548, "m": false}}
{"local_ts": 1773486512605, "server_ts": 1773486512548, "data": {"e": "aggTrade", "E": 1773486512560, "a": 3200109886, "s": "BTCUSDT", "p": "70652.60", "q": "0.012", "nq": "0.012", "f": 7435630059, "l": 7435630061, "T": 1773486512548, "m": false}}
{"local_ts": 1773486512606, "server_ts": 1773486512548, "data": {"e": "aggTrade", "E": 1773486512560, "a": 3200109887, "s": "BTCUSDT", "p": "70652.90", "q": "0.004", "nq": "0.004", "f": 7435630062, "l": 7435630063, "T": 1773486512548, "m": false}}
{"local_ts": 1773486512606, "server_ts": 1773486512548, "data": {"e": "aggTrade", "E": 1773486512560, "a": 3200109888, "s": "BTCUSDT", "p": "70653.00", "q": "0.002", "nq": "0.002", "f": 7435630064, "l": 7435630064, "T": 1773486512548, "m": false}}
{"local_ts": 1773486512606, "server_ts": 1773486512548, "data": {"e": "aggTrade", "E": 1773486512560, "a": 3200109889, "s": "BTCUSDT", "p": "70653.10", "q": "0.004", "nq": "0.004", "f": 7435630065, "l": 7435630065, "T": 1773486512548, "m": false}}
{"local_ts": 1773486512606, "server_ts": 1773486512548, "data": {"e": "aggTrade", "E": 1773486512560, "a": 3200109890, "s": "BTCUSDT", "p": "70653.20", "q": "0.030", "nq": "0.030", "f": 7435630066, "l": 7435630067, "T": 1773486512548, "m": false}}
{"local_ts": 1773486512607, "server_ts": 1773486512548, "data": {"e": "aggTrade", "E": 1773486512560, "a": 3200109891, "s": "BTCUSDT", "p": "70653.30", "q": "0.002", "nq": "0.002", "f": 7435630068, "l": 7435630068, "T": 1773486512548, "m": false}}
{"local_ts": 1773486512607, "server_ts": 1773486512548, "data": {"e": "aggTrade", "E": 1773486512560, "a": 3200109892, "s": "BTCUSDT", "p": "70653.40", "q": "0.003", "nq": "0.003", "f": 7435630069, "l": 7435630070, "T": 1773486512548, "m": false}}
{"local_ts": 1773486512607, "server_ts": 1773486512548, "data": {"e": "aggTrade", "E": 1773486512560, "a": 3200109893, "s": "BTCUSDT", "p": "70653.50", "q": "0.004", "nq": "0.004", "f": 7435630071, "l": 7435630072, "T": 1773486512548, "m": false}}
{"local_ts": 1773486512607, "server_ts": 1773486512548, "data": {"e": "aggTrade", "E": 1773486512563, "a": 3200109894, "s": "BTCUSDT", "p": "70653.60", "q": "0.009", "nq": "0.009", "f": 7435630073, "l": 7435630076, "T": 1773486512548, "m": false}}
{"local_ts": 1773486512608, "server_ts": 1773486512548, "data": {"e": "aggTrade", "E": 1773486512563, "a": 3200109895, "s": "BTCUSDT", "p": "70653.80", "q": "0.001", "nq": "0.001", "f": 7435630077, "l": 7435630077, "T": 1773486512548, "m": false}}
{"local_ts": 1773486512608, "server_ts": 1773486512548, "data": {"e": "aggTrade", "E": 1773486512563, "a": 3200109896, "s": "BTCUSDT", "p": "70653.90", "q": "0.002", "nq": "0.002", "f": 7435630078, "l": 7435630078, "T": 1773486512548, "m": false}}
{"local_ts": 1773486512608, "server_ts": 1773486512548, "data": {"e": "aggTrade", "E": 1773486512563, "a": 3200109897, "s": "BTCUSDT", "p": "70654.00", "q": "0.005", "nq": "0.005", "f": 7435630079, "l": 7435630080, "T": 1773486512548, "m": false}}
{"local_ts": 1773486512608, "server_ts": 1773486512548, "data": {"e": "aggTrade", "E": 1773486512563, "a": 3200109898, "s": "BTCUSDT", "p": "70654.10", "q": "0.002", "nq": "0.002", "f": 7435630081, "l": 7435630081, "T": 1773486512548, "m": false}}
{"local_ts": 1773486512609, "server_ts": 1773486512548, "data": {"e": "aggTrade", "E": 1773486512563, "a": 3200109899, "s": "BTCUSDT", "p": "70654.30", "q": "0.005", "nq": "0.005", "f": 7435630082, "l": 7435630083, "T": 1773486512548, "m": false}}
{"local_ts": 1773486512609, "server_ts": 1773486512548, "data": {"e": "aggTrade", "E": 1773486512563, "a": 3200109900, "s": "BTCUSDT", "p": "70654.40", "q": "0.001", "nq": "0.001", "f": 7435630084, "l": 7435630084, "T": 1773486512548, "m": false}}
{"local_ts": 1773486512609, "server_ts": 1773486512548, "data": {"e": "aggTrade", "E": 1773486512563, "a": 3200109901, "s": "BTCUSDT", "p": "70654.50", "q": "0.028", "nq": "0.028", "f": 7435630085, "l": 7435630092, "T": 1773486512548, "m": false}}
{"local_ts": 1773486512609, "server_ts": 1773486512548, "data": {"e": "aggTrade", "E": 1773486512563, "a": 3200109902, "s": "BTCUSDT", "p": "70654.60", "q": "0.031", "nq": "0.031", "f": 7435630093, "l": 7435630095, "T": 1773486512548, "m": false}}
{"local_ts": 1773486512610, "server_ts": 1773486512549, "data": {"e": "aggTrade", "E": 1773486512563, "a": 3200109903, "s": "BTCUSDT", "p": "70650.60", "q": "0.032", "nq": "0.032", "f": 7435630096, "l": 7435630096, "T": 1773486512549, "m": true}}
{"local_ts": 1773486512610, "server_ts": 1773486512549, "data": {"e": "aggTrade", "E": 1773486512563, "a": 3200109904, "s": "BTCUSDT", "p": "70654.60", "q": "0.115", "nq": "0.115", "f": 7435630097, "l": 7435630099, "T": 1773486512549, "m": false}}
{"local_ts": 1773486512610, "server_ts": 1773486512549, "data": {"e": "aggTrade", "E": 1773486512579, "a": 3200109905, "s": "BTCUSDT", "p": "70650.60", "q": "0.154", "nq": "0.154", "f": 7435630100, "l": 7435630101, "T": 1773486512549, "m": true}}
{"local_ts": 1773486512610, "server_ts": 1773486512559, "data": {"e": "aggTrade", "E": 1773486512579, "a": 3200109906, "s": "BTCUSDT", "p": "70653.00", "q": "0.025", "nq": "0.025", "f": 7435630102, "l": 7435630103, "T": 1773486512559, "m": false}}
{"local_ts": 1773486512611, "server_ts": 1773486512560, "data": {"e": "aggTrade", "E": 1773486512579, "a": 3200109907, "s": "BTCUSDT", "p": "70654.70", "q": "0.003", "nq": "0.003", "f": 7435630104, "l": 7435630104, "T": 1773486512560, "m": false}}
{"local_ts": 1773486512611, "server_ts": 1773486512560, "data": {"e": "aggTrade", "E": 1773486512579, "a": 3200109908, "s": "BTCUSDT", "p": "70654.80", "q": "0.003", "nq": "0.003", "f": 7435630105, "l": 7435630105, "T": 1773486512560, "m": false}}
{"local_ts": 1773486512611, "server_ts": 1773486512560, "data": {"e": "aggTrade", "E": 1773486512579, "a": 3200109909, "s": "BTCUSDT", "p": "70654.90", "q": "0.002", "nq": "0.002", "f": 7435630106, "l": 7435630106, "T": 1773486512560, "m": false}}
{"local_ts": 1773486512611, "server_ts": 1773486512560, "data": {"e": "aggTrade", "E": 1773486512579, "a": 3200109910, "s": "BTCUSDT", "p": "70655.00", "q": "0.006", "nq": "0.006", "f": 7435630107, "l": 7435630109, "T": 1773486512560, "m": false}}
{"local_ts": 1773486512611, "server_ts": 1773486512560, "data": {"e": "aggTrade", "E": 1773486512579, "a": 3200109911, "s": "BTCUSDT", "p": "70655.10", "q": "0.007", "nq": "0.007", "f": 7435630110, "l": 7435630111, "T": 1773486512560, "m": false}}
{"local_ts": 1773486512612, "server_ts": 1773486512560, "data": {"e": "aggTrade", "E": 1773486512579, "a": 3200109912, "s": "BTCUSDT", "p": "70655.20", "q": "0.002", "nq": "0.002", "f": 7435630112, "l": 7435630112, "T": 1773486512560, "m": false}}
{"local_ts": 1773486512612, "server_ts": 1773486512560, "data": {"e": "aggTrade", "E": 1773486512579, "a": 3200109913, "s": "BTCUSDT", "p": "70655.30", "q": "0.001", "nq": "0.001", "f": 7435630113, "l": 7435630113, "T": 1773486512560, "m": false}}
{"local_ts": 1773486512612, "server_ts": 1773486512560, "data": {"e": "aggTrade", "E": 1773486512580, "a": 3200109914, "s": "BTCUSDT", "p": "70655.40", "q": "0.005", "nq": "0.005", "f": 7435630114, "l": 7435630115, "T": 1773486512560, "m": false}}
{"local_ts": 1773486512612, "server_ts": 1773486512560, "data": {"e": "aggTrade", "E": 1773486512580, "a": 3200109915, "s": "BTCUSDT", "p": "70655.50", "q": "0.011", "nq": "0.011", "f": 7435630116, "l": 7435630117, "T": 1773486512560, "m": false}}
{"local_ts": 1773486512612, "server_ts": 1773486512560, "data": {"e": "aggTrade", "E": 1773486512580, "a": 3200109916, "s": "BTCUSDT", "p": "70655.70", "q": "0.007", "nq": "0.007", "f": 7435630118, "l": 7435630121, "T": 1773486512560, "m": false}}
{"local_ts": 1773486512613, "server_ts": 1773486512560, "data": {"e": "aggTrade", "E": 1773486512580, "a": 3200109917, "s": "BTCUSDT", "p": "70655.80", "q": "0.002", "nq": "0.002", "f": 7435630122, "l": 7435630122, "T": 1773486512560, "m": false}}
{"local_ts": 1773486512613, "server_ts": 1773486512560, "data": {"e": "aggTrade", "E": 1773486512580, "a": 3200109918, "s": "BTCUSDT", "p": "70655.90", "q": "0.024", "nq": "0.024", "f": 7435630123, "l": 7435630125, "T": 1773486512560, "m": false}}
{"local_ts": 1773486512613, "server_ts": 1773486512560, "data": {"e": "aggTrade", "E": 1773486512580, "a": 3200109919, "s": "BTCUSDT", "p": "70656.00", "q": "0.006", "nq": "0.006", "f": 7435630126, "l": 7435630128, "T": 1773486512560, "m": false}}
{"local_ts": 1773486512613, "server_ts": 1773486512560, "data": {"e": "aggTrade", "E": 1773486512580, "a": 3200109920, "s": "BTCUSDT", "p": "70656.20", "q": "0.003", "nq": "0.003", "f": 7435630129, "l": 7435630129, "T": 1773486512560, "m": false}}
{"local_ts": 1773486512618, "server_ts": 1773486512560, "data": {"e": "aggTrade", "E": 1773486512585, "a": 3200109921, "s": "BTCUSDT", "p": "70656.30", "q": "0.041", "nq": "0.041", "f": 7435630130, "l": 7435630135, "T": 1773486512560, "m": false}}
{"local_ts": 1773486512619, "server_ts": 1773486512563, "data": {"e": "aggTrade", "E": 1773486512585, "a": 3200109922, "s": "BTCUSDT", "p": "70656.60", "q": "0.003", "nq": "0.003", "f": 7435630136, "l": 7435630136, "T": 1773486512563, "m": false}}
{"local_ts": 1773486512619, "server_ts": 1773486512563, "data": {"e": "aggTrade", "E": 1773486512585, "a": 3200109923, "s": "BTCUSDT", "p": "70656.70", "q": "0.021", "nq": "0.021", "f": 7435630137, "l": 7435630138, "T": 1773486512563, "m": false}}
{"local_ts": 1773486512619, "server_ts": 1773486512563, "data": {"e": "aggTrade", "E": 1773486512585, "a": 3200109924, "s": "BTCUSDT", "p": "70656.80", "q": "0.002", "nq": "0.002", "f": 7435630139, "l": 7435630139, "T": 1773486512563, "m": false}}
{"local_ts": 1773486512619, "server_ts": 1773486512563, "data": {"e": "aggTrade", "E": 1773486512585, "a": 3200109925, "s": "BTCUSDT", "p": "70656.90", "q": "0.003", "nq": "0.003", "f": 7435630140, "l": 7435630140, "T": 1773486512563, "m": false}}
{"local_ts": 1773486512620, "server_ts": 1773486512563, "data": {"e": "aggTrade", "E": 1773486512585, "a": 3200109926, "s": "BTCUSDT", "p": "70657.10", "q": "0.012", "nq": "0.012", "f": 7435630141, "l": 7435630143, "T": 1773486512563, "m": false}}
{"local_ts": 1773486512630, "server_ts": 1773486512563, "data": {"e": "aggTrade", "E": 1773486512599, "a": 3200109927, "s": "BTCUSDT", "p": "70657.20", "q": "0.013", "nq": "0.013", "f": 7435630144, "l": 7435630148, "T": 1773486512563, "m": false}}
{"local_ts": 1773486512631, "server_ts": 1773486512573, "data": {"e": "aggTrade", "E": 1773486512599, "a": 3200109928, "s": "BTCUSDT", "p": "70657.10", "q": "0.002", "nq": "0.002", "f": 7435630149, "l": 7435630149, "T": 1773486512573, "m": false}}
{"local_ts": 1773486512635, "server_ts": 1773486512573, "data": {"e": "aggTrade", "E": 1773486512605, "a": 3200109929, "s": "BTCUSDT", "p": "70655.10", "q": "0.002", "nq": "0.002", "f": 7435630150, "l": 7435630150, "T": 1773486512573, "m": true}}
{"local_ts": 1773486512636, "server_ts": 1773486512578, "data": {"e": "aggTrade", "E": 1773486512605, "a": 3200109930, "s": "BTCUSDT", "p": "70655.80", "q": "0.105", "nq": "0.105", "f": 7435630151, "l": 7435630151, "T": 1773486512578, "m": true}}
{"local_ts": 1773486512636, "server_ts": 1773486512580, "data": {"e": "aggTrade", "E": 1773486512605, "a": 3200109931, "s": "BTCUSDT", "p": "70657.10", "q": "0.005", "nq": "0.005", "f": 7435630152, "l": 7435630152, "T": 1773486512580, "m": false}}
{"local_ts": 1773486512636, "server_ts": 1773486512580, "data": {"e": "aggTrade", "E": 1773486512605, "a": 3200109932, "s": "BTCUSDT", "p": "70657.40", "q": "0.010", "nq": "0.010", "f": 7435630153, "l": 7435630155, "T": 1773486512580, "m": false}}
{"local_ts": 1773486512636, "server_ts": 1773486512580, "data": {"e": "aggTrade", "E": 1773486512605, "a": 3200109933, "s": "BTCUSDT", "p": "70657.50", "q": "0.001", "nq": "0.001", "f": 7435630156, "l": 7435630156, "T": 1773486512580, "m": false}}
{"local_ts": 1773486512642, "server_ts": 1773486512580, "data": {"e": "aggTrade", "E": 1773486512611, "a": 3200109934, "s": "BTCUSDT", "p": "70657.60", "q": "0.089", "nq": "0.089", "f": 7435630157, "l": 7435630164, "T": 1773486512580, "m": false}}
{"local_ts": 1773486512643, "server_ts": 1773486512585, "data": {"e": "aggTrade", "E": 1773486512611, "a": 3200109935, "s": "BTCUSDT", "p": "70657.80", "q": "0.008", "nq": "0.008", "f": 7435630165, "l": 7435630167, "T": 1773486512585, "m": false}}
{"local_ts": 1773486512649, "server_ts": 1773486512585, "data": {"e": "aggTrade", "E": 1773486512619, "a": 3200109936, "s": "BTCUSDT", "p": "70657.70", "q": "0.028", "nq": "0.028", "f": 7435630168, "l": 7435630168, "T": 1773486512585, "m": true}}
{"local_ts": 1773486512673, "server_ts": 1773486512597, "data": {"e": "aggTrade", "E": 1773486512643, "a": 3200109937, "s": "BTCUSDT", "p": "70657.80", "q": "0.040", "nq": "0.040", "f": 7435630169, "l": 7435630175, "T": 1773486512597, "m": false}}
{"local_ts": 1773486512674, "server_ts": 1773486512630, "data": {"e": "aggTrade", "E": 1773486512643, "a": 3200109938, "s": "BTCUSDT", "p": "70657.90", "q": "0.005", "nq": "0.005", "f": 7435630176, "l": 7435630177, "T": 1773486512630, "m": false}}
{"local_ts": 1773486512675, "server_ts": 1773486512630, "data": {"e": "aggTrade", "E": 1773486512643, "a": 3200109939, "s": "BTCUSDT", "p": "70658.00", "q": "0.026", "nq": "0.026", "f": 7435630178, "l": 7435630182, "T": 1773486512630, "m": false}}
{"local_ts": 1773486512679, "server_ts": 1773486512630, "data": {"e": "aggTrade", "E": 1773486512648, "a": 3200109940, "s": "BTCUSDT", "p": "70658.10", "q": "0.004", "nq": "0.004", "f": 7435630183, "l": 7435630185, "T": 1773486512630, "m": false}}
{"local_ts": 1773486512679, "server_ts": 1773486512643, "data": {"e": "aggTrade", "E": 1773486512648, "a": 3200109941, "s": "BTCUSDT", "p": "70658.20", "q": "0.001", "nq": "0.001", "f": 7435630186, "l": 7435630186, "T": 1773486512643, "m": false}}
{"local_ts": 1773486512680, "server_ts": 1773486512643, "data": {"e": "aggTrade", "E": 1773486512648, "a": 3200109942, "s": "BTCUSDT", "p": "70658.50", "q": "0.002", "nq": "0.002", "f": 7435630187, "l": 7435630187, "T": 1773486512643, "m": false}}
{"local_ts": 1773486512680, "server_ts": 1773486512643, "data": {"e": "aggTrade", "E": 1773486512648, "a": 3200109943, "s": "BTCUSDT", "p": "70658.60", "q": "0.002", "nq": "0.002", "f": 7435630188, "l": 7435630188, "T": 1773486512643, "m": false}}
{"local_ts": 1773486512680, "server_ts": 1773486512643, "data": {"e": "aggTrade", "E": 1773486512648, "a": 3200109944, "s": "BTCUSDT", "p": "70658.70", "q": "0.005", "nq": "0.005", "f": 7435630189, "l": 7435630191, "T": 1773486512643, "m": false}}
{"local_ts": 1773486512680, "server_ts": 1773486512643, "data": {"e": "aggTrade", "E": 1773486512648, "a": 3200109945, "s": "BTCUSDT", "p": "70658.90", "q": "0.003", "nq": "0.003", "f": 7435630192, "l": 7435630192, "T": 1773486512643, "m": false}}
{"local_ts": 1773486512692, "server_ts": 1773486512643, "data": {"e": "aggTrade", "E": 1773486512661, "a": 3200109946, "s": "BTCUSDT", "p": "70659.00", "q": "0.014", "nq": "0.014", "f": 7435630193, "l": 7435630196, "T": 1773486512643, "m": false}}
{"local_ts": 1773486512697, "server_ts": 1773486512656, "data": {"e": "aggTrade", "E": 1773486512665, "a": 3200109947, "s": "BTCUSDT", "p": "70659.10", "q": "0.046", "nq": "0.046", "f": 7435630197, "l": 7435630204, "T": 1773486512656, "m": false}}
{"local_ts": 1773486512847, "server_ts": 1773486512659, "data": {"e": "aggTrade", "E": 1773486512816, "a": 3200109948, "s": "BTCUSDT", "p": "70659.20", "q": "0.057", "nq": "0.057", "f": 7435630205, "l": 7435630207, "T": 1773486512659, "m": false}}
{"local_ts": 1773486513004, "server_ts": 1773486512840, "data": {"e": "aggTrade", "E": 1773486512973, "a": 3200109949, "s": "BTCUSDT", "p": "70659.20", "q": "0.002", "nq": "0.002", "f": 7435630208, "l": 7435630208, "T": 1773486512840, "m": false}}
{"local_ts": 1773486513014, "server_ts": 1773486512971, "data": {"e": "aggTrade", "E": 1773486512981, "a": 3200109950, "s": "BTCUSDT", "p": "70659.10", "q": "0.002", "nq": "0.002", "f": 7435630209, "l": 7435630209, "T": 1773486512971, "m": true}}
{"local_ts": 1773486513094, "server_ts": 1773486512978, "data": {"e": "aggTrade", "E": 1773486513064, "a": 3200109951, "s": "BTCUSDT", "p": "70659.20", "q": "0.146", "nq": "0.146", "f": 7435630210, "l": 7435630222, "T": 1773486512978, "m": false}}
{"local_ts": 1773486513102, "server_ts": 1773486513062, "data": {"e": "aggTrade", "E": 1773486513066, "a": 3200109952, "s": "BTCUSDT", "p": "70659.10", "q": "0.030", "nq": "0.030", "f": 7435630223, "l": 7435630232, "T": 1773486513062, "m": true}}
{"local_ts": 1773486513206, "server_ts": 1773486513062, "data": {"e": "aggTrade", "E": 1773486513175, "a": 3200109953, "s": "BTCUSDT", "p": "70659.20", "q": "0.071", "nq": "0.071", "f": 7435630233, "l": 7435630234, "T": 1773486513062, "m": false}}
{"local_ts": 1773486513359, "server_ts": 1773486513173, "data": {"e": "aggTrade", "E": 1773486513326, "a": 3200109954, "s": "BTCUSDT", "p": "70659.10", "q": "0.069", "nq": "0.069", "f": 7435630235, "l": 7435630235, "T": 1773486513173, "m": true}}
{"local_ts": 1773486513449, "server_ts": 1773486513414, "data": {"e": "aggTrade", "E": 1773486513418, "a": 3200109955, "s": "BTCUSDT", "p": "70659.10", "q": "0.002", "nq": "0.002", "f": 7435630236, "l": 7435630236, "T": 1773486513414, "m": true}}
{"local_ts": 1773486513602, "server_ts": 1773486513416, "data": {"e": "aggTrade", "E": 1773486513569, "a": 3200109956, "s": "BTCUSDT", "p": "70659.20", "q": "0.421", "nq": "0.421", "f": 7435630237, "l": 7435630242, "T": 1773486513416, "m": false}}
{"local_ts": 1773486513747, "server_ts": 1773486513663, "data": {"e": "aggTrade", "E": 1773486513717, "a": 3200109957, "s": "BTCUSDT", "p": "70659.20", "q": "0.014", "nq": "0.014", "f": 7435630243, "l": 7435630248, "T": 1773486513663, "m": false}}
{"local_ts": 1773486513809, "server_ts": 1773486513715, "data": {"e": "aggTrade", "E": 1773486513778, "a": 3200109958, "s": "BTCUSDT", "p": "70659.10", "q": "0.007", "nq": "0.007", "f": 7435630249, "l": 7435630249, "T": 1773486513715, "m": true}}
{"local_ts": 1773486513809, "server_ts": 1773486513776, "data": {"e": "aggTrade", "E": 1773486513778, "a": 3200109959, "s": "BTCUSDT", "p": "70659.20", "q": "0.278", "nq": "0.278", "f": 7435630250, "l": 7435630258, "T": 1773486513776, "m": false}}
{"local_ts": 1773486513810, "server_ts": 1773486513776, "data": {"e": "aggTrade", "E": 1773486513778, "a": 3200109960, "s": "BTCUSDT", "p": "70659.30", "q": "0.002", "nq": "0.002", "f": 7435630259, "l": 7435630259, "T": 1773486513776, "m": false}}
{"local_ts": 1773486513810, "server_ts": 1773486513776, "data": {"e": "aggTrade", "E": 1773486513778, "a": 3200109961, "s": "BTCUSDT", "p": "70659.40", "q": "0.002", "nq": "0.002", "f": 7435630260, "l": 7435630260, "T": 1773486513776, "m": false}}
{"local_ts": 1773486513811, "server_ts": 1773486513776, "data": {"e": "aggTrade", "E": 1773486513778, "a": 3200109962, "s": "BTCUSDT", "p": "70659.60", "q": "0.069", "nq": "0.069", "f": 7435630261, "l": 7435630261, "T": 1773486513776, "m": false}}
{"local_ts": 1773486513811, "server_ts": 1773486513776, "data": {"e": "aggTrade", "E": 1773486513778, "a": 3200109963, "s": "BTCUSDT", "p": "70659.90", "q": "0.002", "nq": "0.002", "f": 7435630262, "l": 7435630262, "T": 1773486513776, "m": false}}
{"local_ts": 1773486513815, "server_ts": 1773486513776, "data": {"e": "aggTrade", "E": 1773486513784, "a": 3200109964, "s": "BTCUSDT", "p": "70660.00", "q": "1.490", "nq": "1.490", "f": 7435630263, "l": 7435630292, "T": 1773486513776, "m": false}}
{"local_ts": 1773486513816, "server_ts": 1773486513780, "data": {"e": "aggTrade", "E": 1773486513784, "a": 3200109965, "s": "BTCUSDT", "p": "70660.10", "q": "0.007", "nq": "0.007", "f": 7435630293, "l": 7435630296, "T": 1773486513780, "m": false}}
{"local_ts": 1773486513816, "server_ts": 1773486513780, "data": {"e": "aggTrade", "E": 1773486513784, "a": 3200109966, "s": "BTCUSDT", "p": "70660.20", "q": "0.355", "nq": "0.355", "f": 7435630297, "l": 7435630297, "T": 1773486513780, "m": false}}
{"local_ts": 1773486513817, "server_ts": 1773486513780, "data": {"e": "aggTrade", "E": 1773486513784, "a": 3200109967, "s": "BTCUSDT", "p": "70660.50", "q": "0.002", "nq": "0.002", "f": 7435630298, "l": 7435630298, "T": 1773486513780, "m": false}}
{"local_ts": 1773486513817, "server_ts": 1773486513780, "data": {"e": "aggTrade", "E": 1773486513784, "a": 3200109968, "s": "BTCUSDT", "p": "70660.60", "q": "0.001", "nq": "0.001", "f": 7435630299, "l": 7435630299, "T": 1773486513780, "m": false}}
{"local_ts": 1773486513818, "server_ts": 1773486513780, "data": {"e": "aggTrade", "E": 1773486513784, "a": 3200109969, "s": "BTCUSDT", "p": "70660.80", "q": "0.082", "nq": "0.082", "f": 7435630300, "l": 7435630302, "T": 1773486513780, "m": false}}
{"local_ts": 1773486513818, "server_ts": 1773486513780, "data": {"e": "aggTrade", "E": 1773486513784, "a": 3200109970, "s": "BTCUSDT", "p": "70660.90", "q": "0.004", "nq": "0.004", "f": 7435630303, "l": 7435630304, "T": 1773486513780, "m": false}}
{"local_ts": 1773486513818, "server_ts": 1773486513780, "data": {"e": "aggTrade", "E": 1773486513784, "a": 3200109971, "s": "BTCUSDT", "p": "70661.00", "q": "0.004", "nq": "0.004", "f": 7435630305, "l": 7435630306, "T": 1773486513780, "m": false}}
{"local_ts": 1773486513819, "server_ts": 1773486513780, "data": {"e": "aggTrade", "E": 1773486513784, "a": 3200109972, "s": "BTCUSDT", "p": "70661.10", "q": "0.009", "nq": "0.009", "f": 7435630307, "l": 7435630307, "T": 1773486513780, "m": false}}
{"local_ts": 1773486513819, "server_ts": 1773486513780, "data": {"e": "aggTrade", "E": 1773486513784, "a": 3200109973, "s": "BTCUSDT", "p": "70661.20", "q": "0.002", "nq": "0.002", "f": 7435630308, "l": 7435630308, "T": 1773486513780, "m": false}}
{"local_ts": 1773486513820, "server_ts": 1773486513780, "data": {"e": "aggTrade", "E": 1773486513784, "a": 3200109974, "s": "BTCUSDT", "p": "70661.30", "q": "0.020", "nq": "0.020", "f": 7435630309, "l": 7435630310, "T": 1773486513780, "m": false}}
{"local_ts": 1773486513820, "server_ts": 1773486513780, "data": {"e": "aggTrade", "E": 1773486513784, "a": 3200109975, "s": "BTCUSDT", "p": "70661.50", "q": "0.007", "nq": "0.007", "f": 7435630311, "l": 7435630313, "T": 1773486513780, "m": false}}
{"local_ts": 1773486513821, "server_ts": 1773486513780, "data": {"e": "aggTrade", "E": 1773486513784, "a": 3200109976, "s": "BTCUSDT", "p": "70661.60", "q": "0.157", "nq": "0.157", "f": 7435630314, "l": 7435630316, "T": 1773486513780, "m": false}}
{"local_ts": 1773486513822, "server_ts": 1773486513780, "data": {"e": "aggTrade", "E": 1773486513784, "a": 3200109977, "s": "BTCUSDT", "p": "70661.70", "q": "0.011", "nq": "0.011", "f": 7435630317, "l": 7435630327, "T": 1773486513780, "m": false}}
{"local_ts": 1773486513822, "server_ts": 1773486513780, "data": {"e": "aggTrade", "E": 1773486513784, "a": 3200109978, "s": "BTCUSDT", "p": "70661.90", "q": "0.003", "nq": "0.003", "f": 7435630328, "l": 7435630328, "T": 1773486513780, "m": false}}
{"local_ts": 1773486513823, "server_ts": 1773486513780, "data": {"e": "aggTrade", "E": 1773486513784, "a": 3200109979, "s": "BTCUSDT", "p": "70662.00", "q": "0.007", "nq": "0.007", "f": 7435630329, "l": 7435630332, "T": 1773486513780, "m": false}}
{"local_ts": 1773486513823, "server_ts": 1773486513780, "data": {"e": "aggTrade", "E": 1773486513784, "a": 3200109980, "s": "BTCUSDT", "p": "70662.20", "q": "0.212", "nq": "0.212", "f": 7435630333, "l": 7435630333, "T": 1773486513780, "m": false}}
{"local_ts": 1773486513823, "server_ts": 1773486513780, "data": {"e": "aggTrade", "E": 1773486513784, "a": 3200109981, "s": "BTCUSDT", "p": "70662.30", "q": "0.006", "nq": "0.006", "f": 7435630334, "l": 7435630336, "T": 1773486513780, "m": false}}
{"local_ts": 1773486513824, "server_ts": 1773486513780, "data": {"e": "aggTrade", "E": 1773486513784, "a": 3200109982, "s": "BTCUSDT", "p": "70662.40", "q": "0.031", "nq": "0.031", "f": 7435630337, "l": 7435630338, "T": 1773486513780, "m": false}}
{"local_ts": 1773486513824, "server_ts": 1773486513780, "data": {"e": "aggTrade", "E": 1773486513784, "a": 3200109983, "s": "BTCUSDT", "p": "70662.60", "q": "0.005", "nq": "0.005", "f": 7435630339, "l": 7435630341, "T": 1773486513780, "m": false}}
{"local_ts": 1773486513825, "server_ts": 1773486513780, "data": {"e": "aggTrade", "E": 1773486513784, "a": 3200109984, "s": "BTCUSDT", "p": "70662.70", "q": "0.015", "nq": "0.015", "f": 7435630342, "l": 7435630343, "T": 1773486513780, "m": false}}
{"local_ts": 1773486513825, "server_ts": 1773486513780, "data": {"e": "aggTrade", "E": 1773486513784, "a": 3200109985, "s": "BTCUSDT", "p": "70662.80", "q": "0.006", "nq": "0.006", "f": 7435630344, "l": 7435630345, "T": 1773486513780, "m": false}}
{"local_ts": 1773486513826, "server_ts": 1773486513780, "data": {"e": "aggTrade", "E": 1773486513784, "a": 3200109986, "s": "BTCUSDT", "p": "70662.90", "q": "0.006", "nq": "0.006", "f": 7435630346, "l": 7435630348, "T": 1773486513780, "m": false}}
{"local_ts": 1773486513826, "server_ts": 1773486513780, "data": {"e": "aggTrade", "E": 1773486513784, "a": 3200109987, "s": "BTCUSDT", "p": "70663.00", "q": "0.250", "nq": "0.250", "f": 7435630349, "l": 7435630352, "T": 1773486513780, "m": false}}
{"local_ts": 1773486513827, "server_ts": 1773486513780, "data": {"e": "aggTrade", "E": 1773486513784, "a": 3200109988, "s": "BTCUSDT", "p": "70663.10", "q": "0.176", "nq": "0.176", "f": 7435630353, "l": 7435630356, "T": 1773486513780, "m": false}}
{"local_ts": 1773486513827, "server_ts": 1773486513780, "data": {"e": "aggTrade", "E": 1773486513784, "a": 3200109989, "s": "BTCUSDT", "p": "70663.20", "q": "0.001", "nq": "0.001", "f": 7435630357, "l": 7435630357, "T": 1773486513780, "m": false}}
{"local_ts": 1773486513827, "server_ts": 1773486513780, "data": {"e": "aggTrade", "E": 1773486513785, "a": 3200109990, "s": "BTCUSDT", "p": "70663.30", "q": "0.002", "nq": "0.002", "f": 7435630358, "l": 7435630358, "T": 1773486513780, "m": false}}
{"local_ts": 1773486513828, "server_ts": 1773486513780, "data": {"e": "aggTrade", "E": 1773486513785, "a": 3200109991, "s": "BTCUSDT", "p": "70663.40", "q": "0.004", "nq": "0.004", "f": 7435630359, "l": 7435630360, "T": 1773486513780, "m": false}}
{"local_ts": 1773486513828, "server_ts": 1773486513780, "data": {"e": "aggTrade", "E": 1773486513785, "a": 3200109992, "s": "BTCUSDT", "p": "70663.50", "q": "0.001", "nq": "0.001", "f": 7435630361, "l": 7435630361, "T": 1773486513780, "m": false}}
{"local_ts": 1773486513828, "server_ts": 1773486513780, "data": {"e": "aggTrade", "E": 1773486513785, "a": 3200109993, "s": "BTCUSDT", "p": "70663.60", "q": "0.005", "nq": "0.005", "f": 7435630362, "l": 7435630363, "T": 1773486513780, "m": false}}
{"local_ts": 1773486513829, "server_ts": 1773486513780, "data": {"e": "aggTrade", "E": 1773486513785, "a": 3200109994, "s": "BTCUSDT", "p": "70663.70", "q": "0.006", "nq": "0.006", "f": 7435630364, "l": 7435630365, "T": 1773486513780, "m": false}}
{"local_ts": 1773486513829, "server_ts": 1773486513780, "data": {"e": "aggTrade", "E": 1773486513785, "a": 3200109995, "s": "BTCUSDT", "p": "70663.80", "q": "0.003", "nq": "0.003", "f": 7435630366, "l": 7435630367, "T": 1773486513780, "m": false}}
{"local_ts": 1773486513829, "server_ts": 1773486513780, "data": {"e": "aggTrade", "E": 1773486513785, "a": 3200109996, "s": "BTCUSDT", "p": "70663.90", "q": "0.003", "nq": "0.003", "f": 7435630368, "l": 7435630368, "T": 1773486513780, "m": false}}
{"local_ts": 1773486513830, "server_ts": 1773486513780, "data": {"e": "aggTrade", "E": 1773486513785, "a": 3200109997, "s": "BTCUSDT", "p": "70664.00", "q": "0.002", "nq": "0.002", "f": 7435630369, "l": 7435630369, "T": 1773486513780, "m": false}}
{"local_ts": 1773486513830, "server_ts": 1773486513780, "data": {"e": "aggTrade", "E": 1773486513785, "a": 3200109998, "s": "BTCUSDT", "p": "70664.10", "q": "0.049", "nq": "0.049", "f": 7435630370, "l": 7435630372, "T": 1773486513780, "m": false}}
{"local_ts": 1773486513831, "server_ts": 1773486513780, "data": {"e": "aggTrade", "E": 1773486513785, "a": 3200109999, "s": "BTCUSDT", "p": "70664.20", "q": "0.002", "nq": "0.002", "f": 7435630373, "l": 7435630373, "T": 1773486513780, "m": false}}
{"local_ts": 1773486513831, "server_ts": 1773486513780, "data": {"e": "aggTrade", "E": 1773486513785, "a": 3200110000, "s": "BTCUSDT", "p": "70664.30", "q": "0.016", "nq": "0.016", "f": 7435630374, "l": 7435630375, "T": 1773486513780, "m": false}}
{"local_ts": 1773486513831, "server_ts": 1773486513780, "data": {"e": "aggTrade", "E": 1773486513785, "a": 3200110001, "s": "BTCUSDT", "p": "70664.40", "q": "0.007", "nq": "0.007", "f": 7435630376, "l": 7435630378, "T": 1773486513780, "m": false}}
{"local_ts": 1773486513832, "server_ts": 1773486513780, "data": {"e": "aggTrade", "E": 1773486513785, "a": 3200110002, "s": "BTCUSDT", "p": "70664.50", "q": "0.009", "nq": "0.009", "f": 7435630379, "l": 7435630382, "T": 1773486513780, "m": false}}
{"local_ts": 1773486513832, "server_ts": 1773486513780, "data": {"e": "aggTrade", "E": 1773486513785, "a": 3200110003, "s": "BTCUSDT", "p": "70664.70", "q": "0.006", "nq": "0.006", "f": 7435630383, "l": 7435630385, "T": 1773486513780, "m": false}}
{"local_ts": 1773486513833, "server_ts": 1773486513780, "data": {"e": "aggTrade", "E": 1773486513785, "a": 3200110004, "s": "BTCUSDT", "p": "70664.80", "q": "0.055", "nq": "0.055", "f": 7435630386, "l": 7435630387, "T": 1773486513780, "m": false}}
{"local_ts": 1773486513833, "server_ts": 1773486513780, "data": {"e": "aggTrade", "E": 1773486513785, "a": 3200110005, "s": "BTCUSDT", "p": "70664.90", "q": "0.001", "nq": "0.001", "f": 7435630388, "l": 7435630388, "T": 1773486513780, "m": false}}
{"local_ts": 1773486513833, "server_ts": 1773486513780, "data": {"e": "aggTrade", "E": 1773486513785, "a": 3200110006, "s": "BTCUSDT", "p": "70665.00", "q": "0.015", "nq": "0.015", "f": 7435630389, "l": 7435630392, "T": 1773486513780, "m": false}}
{"local_ts": 1773486513834, "server_ts": 1773486513780, "data": {"e": "aggTrade", "E": 1773486513785, "a": 3200110007, "s": "BTCUSDT", "p": "70665.10", "q": "0.004", "nq": "0.004", "f": 7435630393, "l": 7435630394, "T": 1773486513780, "m": false}}
{"local_ts": 1773486513834, "server_ts": 1773486513780, "data": {"e": "aggTrade", "E": 1773486513785, "a": 3200110008, "s": "BTCUSDT", "p": "70665.30", "q": "0.003", "nq": "0.003", "f": 7435630395, "l": 7435630396, "T": 1773486513780, "m": false}}
{"local_ts": 1773486513835, "server_ts": 1773486513780, "data": {"e": "aggTrade", "E": 1773486513785, "a": 3200110009, "s": "BTCUSDT", "p": "70665.60", "q": "0.002", "nq": "0.002", "f": 7435630397, "l": 7435630397, "T": 1773486513780, "m": false}}
{"local_ts": 1773486513835, "server_ts": 1773486513780, "data": {"e": "aggTrade", "E": 1773486513785, "a": 3200110010, "s": "BTCUSDT", "p": "70665.70", "q": "0.005", "nq": "0.005", "f": 7435630398, "l": 7435630402, "T": 1773486513780, "m": false}}
{"local_ts": 1773486513836, "server_ts": 1773486513780, "data": {"e": "aggTrade", "E": 1773486513785, "a": 3200110011, "s": "BTCUSDT", "p": "70665.80", "q": "0.007", "nq": "0.007", "f": 7435630403, "l": 7435630405, "T": 1773486513780, "m": false}}
{"local_ts": 1773486513836, "server_ts": 1773486513780, "data": {"e": "aggTrade", "E": 1773486513785, "a": 3200110012, "s": "BTCUSDT", "p": "70665.90", "q": "0.159", "nq": "0.159", "f": 7435630406, "l": 7435630409, "T": 1773486513780, "m": false}}
{"local_ts": 1773486513836, "server_ts": 1773486513780, "data": {"e": "aggTrade", "E": 1773486513785, "a": 3200110013, "s": "BTCUSDT", "p": "70666.00", "q": "0.239", "nq": "0.239", "f": 7435630410, "l": 7435630419, "T": 1773486513780, "m": false}}
{"local_ts": 1773486513837, "server_ts": 1773486513780, "data": {"e": "aggTrade", "E": 1773486513785, "a": 3200110014, "s": "BTCUSDT", "p": "70666.10", "q": "0.002", "nq": "0.002", "f": 7435630420, "l": 7435630420, "T": 1773486513780, "m": false}}
{"local_ts": 1773486513837, "server_ts": 1773486513780, "data": {"e": "aggTrade", "E": 1773486513785, "a": 3200110015, "s": "BTCUSDT", "p": "70666.20", "q": "0.017", "nq": "0.017", "f": 7435630421, "l": 7435630427, "T": 1773486513780, "m": false}}
{"local_ts": 1773486513838, "server_ts": 1773486513780, "data": {"e": "aggTrade", "E": 1773486513785, "a": 3200110016, "s": "BTCUSDT", "p": "70666.30", "q": "0.009", "nq": "0.009", "f": 7435630428, "l": 7435630430, "T": 1773486513780, "m": false}}
{"local_ts": 1773486513838, "server_ts": 1773486513780, "data": {"e": "aggTrade", "E": 1773486513785, "a": 3200110017, "s": "BTCUSDT", "p": "70666.40", "q": "0.065", "nq": "0.065", "f": 7435630431, "l": 7435630432, "T": 1773486513780, "m": false}}
{"local_ts": 1773486513839, "server_ts": 1773486513780, "data": {"e": "aggTrade", "E": 1773486513785, "a": 3200110018, "s": "BTCUSDT", "p": "70660.00", "q": "0.014", "nq": "0.014", "f": 7435630433, "l": 7435630433, "T": 1773486513780, "m": true}}
{"local_ts": 1773486513839, "server_ts": 1773486513780, "data": {"e": "aggTrade", "E": 1773486513789, "a": 3200110019, "s": "BTCUSDT", "p": "70666.40", "q": "0.088", "nq": "0.088", "f": 7435630434, "l": 7435630440, "T": 1773486513780, "m": false}}
{"local_ts": 1773486513840, "server_ts": 1773486513784, "data": {"e": "aggTrade", "E": 1773486513789, "a": 3200110020, "s": "BTCUSDT", "p": "70666.30", "q": "0.217", "nq": "0.217", "f": 7435630441, "l": 7435630443, "T": 1773486513784, "m": true}}
{"local_ts": 1773486513840, "server_ts": 1773486513784, "data": {"e": "aggTrade", "E": 1773486513789, "a": 3200110021, "s": "BTCUSDT", "p": "70666.40", "q": "3.576", "nq": "3.576", "f": 7435630444, "l": 7435630461, "T": 1773486513784, "m": false}}
{"local_ts": 1773486513975, "server_ts": 1773486513784, "data": {"e": "aggTrade", "E": 1773486513940, "a": 3200110022, "s": "BTCUSDT", "p": "70666.30", "q": "0.004", "nq": "0.004", "f": 7435630462, "l": 7435630462, "T": 1773486513784, "m": true}}
{"local_ts": 1773486514149, "server_ts": 1773486514050, "data": {"e": "aggTrade", "E": 1773486514119, "a": 3200110023, "s": "BTCUSDT", "p": "70666.40", "q": "0.040", "nq": "0.040", "f": 7435630463, "l": 7435630463, "T": 1773486514050, "m": false}}
{"local_ts": 1773486514170, "server_ts": 1773486514116, "data": {"e": "aggTrade", "E": 1773486514139, "a": 3200110024, "s": "BTCUSDT", "p": "70666.30", "q": "0.089", "nq": "0.089", "f": 7435630464, "l": 7435630464, "T": 1773486514116, "m": true}}
{"local_ts": 1773486514184, "server_ts": 1773486514137, "data": {"e": "aggTrade", "E": 1773486514152, "a": 3200110025, "s": "BTCUSDT", "p": "70666.40", "q": "0.013", "nq": "0.013", "f": 7435630465, "l": 7435630465, "T": 1773486514137, "m": false}}
{"local_ts": 1773486514185, "server_ts": 1773486514150, "data": {"e": "aggTrade", "E": 1773486514152, "a": 3200110026, "s": "BTCUSDT", "p": "70666.30", "q": "2.199", "nq": "2.199", "f": 7435630466, "l": 7435630496, "T": 1773486514150, "m": true}}
{"local_ts": 1773486514186, "server_ts": 1773486514150, "data": {"e": "aggTrade", "E": 1773486514152, "a": 3200110027, "s": "BTCUSDT", "p": "70666.20", "q": "0.026", "nq": "0.026", "f": 7435630497, "l": 7435630500, "T": 1773486514150, "m": true}}
{"local_ts": 1773486514186, "server_ts": 1773486514150, "data": {"e": "aggTrade", "E": 1773486514152, "a": 3200110028, "s": "BTCUSDT", "p": "70666.10", "q": "0.003", "nq": "0.003", "f": 7435630501, "l": 7435630501, "T": 1773486514150, "m": true}}
{"local_ts": 1773486514186, "server_ts": 1773486514150, "data": {"e": "aggTrade", "E": 1773486514152, "a": 3200110029, "s": "BTCUSDT", "p": "70665.60", "q": "0.002", "nq": "0.002", "f": 7435630502, "l": 7435630502, "T": 1773486514150, "m": true}}
{"local_ts": 1773486514187, "server_ts": 1773486514150, "data": {"e": "aggTrade", "E": 1773486514152, "a": 3200110030, "s": "BTCUSDT", "p": "70665.20", "q": "0.002", "nq": "0.002", "f": 7435630503, "l": 7435630503, "T": 1773486514150, "m": true}}
{"local_ts": 1773486514187, "server_ts": 1773486514150, "data": {"e": "aggTrade", "E": 1773486514152, "a": 3200110031, "s": "BTCUSDT", "p": "70665.00", "q": "0.002", "nq": "0.002", "f": 7435630504, "l": 7435630504, "T": 1773486514150, "m": true}}
{"local_ts": 1773486514188, "server_ts": 1773486514150, "data": {"e": "aggTrade", "E": 1773486514152, "a": 3200110032, "s": "BTCUSDT", "p": "70664.70", "q": "0.021", "nq": "0.021", "f": 7435630505, "l": 7435630505, "T": 1773486514150, "m": true}}
{"local_ts": 1773486514188, "server_ts": 1773486514150, "data": {"e": "aggTrade", "E": 1773486514152, "a": 3200110033, "s": "BTCUSDT", "p": "70664.60", "q": "0.006", "nq": "0.006", "f": 7435630506, "l": 7435630508, "T": 1773486514150, "m": true}}
{"local_ts": 1773486514189, "server_ts": 1773486514150, "data": {"e": "aggTrade", "E": 1773486514152, "a": 3200110034, "s": "BTCUSDT", "p": "70664.40", "q": "0.002", "nq": "0.002", "f": 7435630509, "l": 7435630509, "T": 1773486514150, "m": true}}
{"local_ts": 1773486514189, "server_ts": 1773486514150, "data": {"e": "aggTrade", "E": 1773486514152, "a": 3200110035, "s": "BTCUSDT", "p": "70664.20", "q": "0.021", "nq": "0.021", "f": 7435630510, "l": 7435630510, "T": 1773486514150, "m": true}}
{"local_ts": 1773486514190, "server_ts": 1773486514150, "data": {"e": "aggTrade", "E": 1773486514152, "a": 3200110036, "s": "BTCUSDT", "p": "70664.00", "q": "0.002", "nq": "0.002", "f": 7435630511, "l": 7435630511, "T": 1773486514150, "m": true}}
{"local_ts": 1773486514190, "server_ts": 1773486514150, "data": {"e": "aggTrade", "E": 1773486514152, "a": 3200110037, "s": "BTCUSDT", "p": "70663.90", "q": "0.004", "nq": "0.004", "f": 7435630512, "l": 7435630513, "T": 1773486514150, "m": true}}
{"local_ts": 1773486514190, "server_ts": 1773486514150, "data": {"e": "aggTrade", "E": 1773486514152, "a": 3200110038, "s": "BTCUSDT", "p": "70663.30", "q": "0.001", "nq": "0.001", "f": 7435630514, "l": 7435630514, "T": 1773486514150, "m": true}}
{"local_ts": 1773486514191, "server_ts": 1773486514150, "data": {"e": "aggTrade", "E": 1773486514152, "a": 3200110039, "s": "BTCUSDT", "p": "70663.20", "q": "0.003", "nq": "0.003", "f": 7435630515, "l": 7435630515, "T": 1773486514150, "m": true}}
{"local_ts": 1773486514191, "server_ts": 1773486514150, "data": {"e": "aggTrade", "E": 1773486514152, "a": 3200110040, "s": "BTCUSDT", "p": "70663.00", "q": "0.001", "nq": "0.001", "f": 7435630516, "l": 7435630516, "T": 1773486514150, "m": true}}
{"local_ts": 1773486514192, "server_ts": 1773486514150, "data": {"e": "aggTrade", "E": 1773486514152, "a": 3200110041, "s": "BTCUSDT", "p": "70662.80", "q": "0.048", "nq": "0.048", "f": 7435630517, "l": 7435630517, "T": 1773486514150, "m": true}}
{"local_ts": 1773486514192, "server_ts": 1773486514150, "data": {"e": "aggTrade", "E": 1773486514152, "a": 3200110042, "s": "BTCUSDT", "p": "70662.70", "q": "0.010", "nq": "0.010", "f": 7435630518, "l": 7435630519, "T": 1773486514150, "m": true}}
{"local_ts": 1773486514192, "server_ts": 1773486514150, "data": {"e": "aggTrade", "E": 1773486514152, "a": 3200110043, "s": "BTCUSDT", "p": "70662.60", "q": "0.005", "nq": "0.005", "f": 7435630520, "l": 7435630522, "T": 1773486514150, "m": true}}
{"local_ts": 1773486514193, "server_ts": 1773486514150, "data": {"e": "aggTrade", "E": 1773486514152, "a": 3200110044, "s": "BTCUSDT", "p": "70662.50", "q": "0.005", "nq": "0.005", "f": 7435630523, "l": 7435630524, "T": 1773486514150, "m": true}}
{"local_ts": 1773486514201, "server_ts": 1773486514150, "data": {"e": "aggTrade", "E": 1773486514170, "a": 3200110045, "s": "BTCUSDT", "p": "70662.40", "q": "0.025", "nq": "0.025", "f": 7435630525, "l": 7435630527, "T": 1773486514150, "m": true}}
{"local_ts": 1773486514326, "server_ts": 1773486514168, "data": {"e": "aggTrade", "E": 1773486514290, "a": 3200110046, "s": "BTCUSDT", "p": "70662.50", "q": "0.006", "nq": "0.006", "f": 7435630528, "l": 7435630528, "T": 1773486514168, "m": false}}
{"local_ts": 1773486514472, "server_ts": 1773486514287, "data": {"e": "aggTrade", "E": 1773486514441, "a": 3200110047, "s": "BTCUSDT", "p": "70662.50", "q": "0.006", "nq": "0.006", "f": 7435630529, "l": 7435630530, "T": 1773486514287, "m": false}}
{"local_ts": 1773486514840, "server_ts": 1773486514656, "data": {"e": "aggTrade", "E": 1773486514808, "a": 3200110048, "s": "BTCUSDT", "p": "70662.50", "q": "0.020", "nq": "0.020", "f": 7435630531, "l": 7435630532, "T": 1773486514656, "m": false}}
{"local_ts": 1773486515038, "server_ts": 1773486514855, "data": {"e": "aggTrade", "E": 1773486515007, "a": 3200110049, "s": "BTCUSDT", "p": "70662.50", "q": "0.004", "nq": "0.004", "f": 7435630533, "l": 7435630533, "T": 1773486514855, "m": false}}
{"local_ts": 1773486515078, "server_ts": 1773486515046, "data": {"e": "aggTrade", "E": 1773486515047, "a": 3200110050, "s": "BTCUSDT", "p": "70662.40", "q": "0.021", "nq": "0.021", "f": 7435630534, "l": 7435630534, "T": 1773486515046, "m": true}}
{"local_ts": 1773486515181, "server_ts": 1773486515046, "data": {"e": "aggTrade", "E": 1773486515151, "a": 3200110051, "s": "BTCUSDT", "p": "70662.50", "q": "0.005", "nq": "0.005", "f": 7435630535, "l": 7435630535, "T": 1773486515046, "m": false}}
{"local_ts": 1773486515213, "server_ts": 1773486515149, "data": {"e": "aggTrade", "E": 1773486515182, "a": 3200110052, "s": "BTCUSDT", "p": "70662.50", "q": "0.013", "nq": "0.013", "f": 7435630536, "l": 7435630536, "T": 1773486515149, "m": false}}
{"local_ts": 1773486515290, "server_ts": 1773486515180, "data": {"e": "aggTrade", "E": 1773486515257, "a": 3200110053, "s": "BTCUSDT", "p": "70662.40", "q": "0.027", "nq": "0.027", "f": 7435630537, "l": 7435630537, "T": 1773486515180, "m": true}}
{"local_ts": 1773486515351, "server_ts": 1773486515256, "data": {"e": "aggTrade", "E": 1773486515321, "a": 3200110054, "s": "BTCUSDT", "p": "70662.50", "q": "0.004", "nq": "0.004", "f": 7435630538, "l": 7435630540, "T": 1773486515256, "m": false}}
{"local_ts": 1773486515401, "server_ts": 1773486515319, "data": {"e": "aggTrade", "E": 1773486515370, "a": 3200110055, "s": "BTCUSDT", "p": "70662.40", "q": "0.060", "nq": "0.060", "f": 7435630541, "l": 7435630542, "T": 1773486515319, "m": true}}
{"local_ts": 1773486515552, "server_ts": 1773486515368, "data": {"e": "aggTrade", "E": 1773486515521, "a": 3200110056, "s": "BTCUSDT", "p": "70662.50", "q": "0.080", "nq": "0.080", "f": 7435630543, "l": 7435630544, "T": 1773486515368, "m": false}}
{"local_ts": 1773486515973, "server_ts": 1773486515818, "data": {"e": "aggTrade", "E": 1773486515942, "a": 3200110057, "s": "BTCUSDT", "p": "70662.50", "q": "0.080", "nq": "0.080", "f": 7435630545, "l": 7435630545, "T": 1773486515818, "m": false}}
{"local_ts": 1773486516098, "server_ts": 1773486515940, "data": {"e": "aggTrade", "E": 1773486516064, "a": 3200110058, "s": "BTCUSDT", "p": "70662.50", "q": "0.006", "nq": "0.006", "f": 7435630546, "l": 7435630546, "T": 1773486515940, "m": false}}
{"local_ts": 1773486516247, "server_ts": 1773486516062, "data": {"e": "aggTrade", "E": 1773486516215, "a": 3200110059, "s": "BTCUSDT", "p": "70662.50", "q": "0.049", "nq": "0.049", "f": 7435630547, "l": 7435630549, "T": 1773486516062, "m": false}}
{"local_ts": 1773486516454, "server_ts": 1773486516268, "data": {"e": "aggTrade", "E": 1773486516423, "a": 3200110060, "s": "BTCUSDT", "p": "70662.40", "q": "0.015", "nq": "0.015", "f": 7435630550, "l": 7435630550, "T": 1773486516268, "m": true}}
{"local_ts": 1773486516661, "server_ts": 1773486516476, "data": {"e": "aggTrade", "E": 1773486516628, "a": 3200110061, "s": "BTCUSDT", "p": "70662.50", "q": "0.358", "nq": "0.358", "f": 7435630551, "l": 7435630551, "T": 1773486516476, "m": false}}
{"local_ts": 1773486517040, "server_ts": 1773486516880, "data": {"e": "aggTrade", "E": 1773486517000, "a": 3200110062, "s": "BTCUSDT", "p": "70662.50", "q": "0.035", "nq": "0.035", "f": 7435630552, "l": 7435630552, "T": 1773486516880, "m": false}}
{"local_ts": 1773486517181, "server_ts": 1773486516998, "data": {"e": "aggTrade", "E": 1773486517151, "a": 3200110063, "s": "BTCUSDT", "p": "70662.50", "q": "0.002", "nq": "0.002", "f": 7435630553, "l": 7435630553, "T": 1773486516998, "m": false}}
{"local_ts": 1773486517323, "server_ts": 1773486517167, "data": {"e": "aggTrade", "E": 1773486517289, "a": 3200110064, "s": "BTCUSDT", "p": "70662.40", "q": "0.007", "nq": "0.007", "f": 7435630554, "l": 7435630554, "T": 1773486517167, "m": true}}
{"local_ts": 1773486517470, "server_ts": 1773486517286, "data": {"e": "aggTrade", "E": 1773486517440, "a": 3200110065, "s": "BTCUSDT", "p": "70662.50", "q": "0.016", "nq": "0.016", "f": 7435630555, "l": 7435630555, "T": 1773486517286, "m": false}}
{"local_ts": 1773486517667, "server_ts": 1773486517530, "data": {"e": "aggTrade", "E": 1773486517639, "a": 3200110066, "s": "BTCUSDT", "p": "70662.40", "q": "0.070", "nq": "0.070", "f": 7435630556, "l": 7435630556, "T": 1773486517530, "m": true}}
{"local_ts": 1773486517820, "server_ts": 1773486517635, "data": {"e": "aggTrade", "E": 1773486517790, "a": 3200110067, "s": "BTCUSDT", "p": "70662.50", "q": "0.028", "nq": "0.028", "f": 7435630557, "l": 7435630557, "T": 1773486517635, "m": false}}
{"local_ts": 1773486517980, "server_ts": 1773486517836, "data": {"e": "aggTrade", "E": 1773486517951, "a": 3200110068, "s": "BTCUSDT", "p": "70662.50", "q": "0.101", "nq": "0.101", "f": 7435630558, "l": 7435630558, "T": 1773486517836, "m": false}}
{"local_ts": 1773486518063, "server_ts": 1773486517948, "data": {"e": "aggTrade", "E": 1773486518032, "a": 3200110069, "s": "BTCUSDT", "p": "70662.50", "q": "0.007", "nq": "0.007", "f": 7435630559, "l": 7435630559, "T": 1773486517948, "m": false}}
{"local_ts": 1773486518221, "server_ts": 1773486518029, "data": {"e": "aggTrade", "E": 1773486518184, "a": 3200110070, "s": "BTCUSDT", "p": "70662.40", "q": "0.005", "nq": "0.005", "f": 7435630560, "l": 7435630560, "T": 1773486518029, "m": true}}
{"local_ts": 1773486518368, "server_ts": 1773486518187, "data": {"e": "aggTrade", "E": 1773486518339, "a": 3200110071, "s": "BTCUSDT", "p": "70662.50", "q": "0.374", "nq": "0.374", "f": 7435630561, "l": 7435630589, "T": 1773486518187, "m": false}}
{"local_ts": 1773486518513, "server_ts": 1773486518432, "data": {"e": "aggTrade", "E": 1773486518483, "a": 3200110072, "s": "BTCUSDT", "p": "70662.50", "q": "0.235", "nq": "0.235", "f": 7435630590, "l": 7435630599, "T": 1773486518432, "m": false}}
{"local_ts": 1773486518514, "server_ts": 1773486518482, "data": {"e": "aggTrade", "E": 1773486518483, "a": 3200110073, "s": "BTCUSDT", "p": "70662.60", "q": "0.002", "nq": "0.002", "f": 7435630600, "l": 7435630600, "T": 1773486518482, "m": false}}
{"local_ts": 1773486518566, "server_ts": 1773486518482, "data": {"e": "aggTrade", "E": 1773486518534, "a": 3200110074, "s": "BTCUSDT", "p": "70663.40", "q": "0.002", "nq": "0.002", "f": 7435630601, "l": 7435630601, "T": 1773486518482, "m": false}}
{"local_ts": 1773486518708, "server_ts": 1773486518532, "data": {"e": "aggTrade", "E": 1773486518678, "a": 3200110075, "s": "BTCUSDT", "p": "70663.50", "q": "0.031", "nq": "0.031", "f": 7435630602, "l": 7435630604, "T": 1773486518532, "m": false}}
{"local_ts": 1773486518806, "server_ts": 1773486518675, "data": {"e": "aggTrade", "E": 1773486518771, "a": 3200110076, "s": "BTCUSDT", "p": "70663.50", "q": "0.004", "nq": "0.004", "f": 7435630605, "l": 7435630605, "T": 1773486518675, "m": false}}
{"local_ts": 1773486518853, "server_ts": 1773486518770, "data": {"e": "aggTrade", "E": 1773486518818, "a": 3200110077, "s": "BTCUSDT", "p": "70663.40", "q": "0.754", "nq": "0.754", "f": 7435630606, "l": 7435630606, "T": 1773486518770, "m": true}}
{"local_ts": 1773486518862, "server_ts": 1773486518815, "data": {"e": "aggTrade", "E": 1773486518831, "a": 3200110078, "s": "BTCUSDT", "p": "70663.50", "q": "0.019", "nq": "0.019", "f": 7435630607, "l": 7435630607, "T": 1773486518815, "m": false}}
{"local_ts": 1773486519014, "server_ts": 1773486518829, "data": {"e": "aggTrade", "E": 1773486518982, "a": 3200110079, "s": "BTCUSDT", "p": "70663.40", "q": "0.004", "nq": "0.004", "f": 7435630608, "l": 7435630608, "T": 1773486518829, "m": true}}
{"local_ts": 1773486519222, "server_ts": 1773486519139, "data": {"e": "aggTrade", "E": 1773486519189, "a": 3200110080, "s": "BTCUSDT", "p": "70663.40", "q": "0.024", "nq": "0.024", "f": 7435630609, "l": 7435630609, "T": 1773486519139, "m": true}}
{"local_ts": 1773486519371, "server_ts": 1773486519186, "data": {"e": "aggTrade", "E": 1773486519340, "a": 3200110081, "s": "BTCUSDT", "p": "70663.50", "q": "0.498", "nq": "0.498", "f": 7435630610, "l": 7435630616, "T": 1773486519186, "m": false}}
{"local_ts": 1773486519612, "server_ts": 1773486519578, "data": {"e": "aggTrade", "E": 1773486519580, "a": 3200110082, "s": "BTCUSDT", "p": "70663.50", "q": "0.464", "nq": "0.464", "f": 7435630617, "l": 7435630629, "T": 1773486519578, "m": false}}
{"local_ts": 1773486519613, "server_ts": 1773486519578, "data": {"e": "aggTrade", "E": 1773486519580, "a": 3200110083, "s": "BTCUSDT", "p": "70663.60", "q": "0.002", "nq": "0.002", "f": 7435630630, "l": 7435630630, "T": 1773486519578, "m": false}}
{"local_ts": 1773486519613, "server_ts": 1773486519578, "data": {"e": "aggTrade", "E": 1773486519580, "a": 3200110084, "s": "BTCUSDT", "p": "70663.70", "q": "0.002", "nq": "0.002", "f": 7435630631, "l": 7435630631, "T": 1773486519578, "m": false}}
{"local_ts": 1773486519763, "server_ts": 1773486519578, "data": {"e": "aggTrade", "E": 1773486519731, "a": 3200110085, "s": "BTCUSDT", "p": "70664.00", "q": "0.024", "nq": "0.024", "f": 7435630632, "l": 7435630633, "T": 1773486519578, "m": false}}
{"local_ts": 1773486519991, "server_ts": 1773486519810, "data": {"e": "aggTrade", "E": 1773486519959, "a": 3200110086, "s": "BTCUSDT", "p": "70663.90", "q": "0.014", "nq": "0.014", "f": 7435630634, "l": 7435630634, "T": 1773486519810, "m": true}}
{"local_ts": 1773486519994, "server_ts": 1773486519958, "data": {"e": "aggTrade", "E": 1773486519964, "a": 3200110087, "s": "BTCUSDT", "p": "70663.90", "q": "0.084", "nq": "0.084", "f": 7435630635, "l": 7435630635, "T": 1773486519958, "m": true}}
{"local_ts": 1773486520106, "server_ts": 1773486519962, "data": {"e": "aggTrade", "E": 1773486520073, "a": 3200110088, "s": "BTCUSDT", "p": "70664.00", "q": "0.056", "nq": "0.056", "f": 7435630636, "l": 7435630638, "T": 1773486519962, "m": false}}
{"local_ts": 1773486520109, "server_ts": 1773486520071, "data": {"e": "aggTrade", "E": 1773486520079, "a": 3200110089, "s": "BTCUSDT", "p": "70664.00", "q": "0.089", "nq": "0.089", "f": 7435630639, "l": 7435630646, "T": 1773486520071, "m": false}}
{"local_ts": 1773486520123, "server_ts": 1773486520076, "data": {"e": "aggTrade", "E": 1773486520094, "a": 3200110090, "s": "BTCUSDT", "p": "70664.60", "q": "0.060", "nq": "0.060", "f": 7435630647, "l": 7435630652, "T": 1773486520076, "m": false}}
{"local_ts": 1773486520154, "server_ts": 1773486520092, "data": {"e": "aggTrade", "E": 1773486520122, "a": 3200110091, "s": "BTCUSDT", "p": "70664.50", "q": "0.039", "nq": "0.039", "f": 7435630653, "l": 7435630653, "T": 1773486520092, "m": true}}
{"local_ts": 1773486520216, "server_ts": 1773486520119, "data": {"e": "aggTrade", "E": 1773486520186, "a": 3200110092, "s": "BTCUSDT", "p": "70664.60", "q": "0.022", "nq": "0.022", "f": 7435630654, "l": 7435630655, "T": 1773486520119, "m": false}}
{"local_ts": 1773486520272, "server_ts": 1773486520184, "data": {"e": "aggTrade", "E": 1773486520241, "a": 3200110093, "s": "BTCUSDT", "p": "70664.50", "q": "1.000", "nq": "1.000", "f": 7435630656, "l": 7435630656, "T": 1773486520184, "m": true}}
{"local_ts": 1773486520272, "server_ts": 1773486520238, "data": {"e": "aggTrade", "E": 1773486520241, "a": 3200110094, "s": "BTCUSDT", "p": "70664.60", "q": "0.449", "nq": "0.449", "f": 7435630657, "l": 7435630665, "T": 1773486520238, "m": false}}
{"local_ts": 1773486520273, "server_ts": 1773486520238, "data": {"e": "aggTrade", "E": 1773486520241, "a": 3200110095, "s": "BTCUSDT", "p": "70664.70", "q": "0.002", "nq": "0.002", "f": 7435630666, "l": 7435630666, "T": 1773486520238, "m": false}}
{"local_ts": 1773486520273, "server_ts": 1773486520238, "data": {"e": "aggTrade", "E": 1773486520241, "a": 3200110096, "s": "BTCUSDT", "p": "70664.90", "q": "0.002", "nq": "0.002", "f": 7435630667, "l": 7435630667, "T": 1773486520238, "m": false}}
{"local_ts": 1773486520273, "server_ts": 1773486520238, "data": {"e": "aggTrade", "E": 1773486520241, "a": 3200110097, "s": "BTCUSDT", "p": "70665.00", "q": "0.004", "nq": "0.004", "f": 7435630668, "l": 7435630669, "T": 1773486520238, "m": false}}
{"local_ts": 1773486520274, "server_ts": 1773486520238, "data": {"e": "aggTrade", "E": 1773486520241, "a": 3200110098, "s": "BTCUSDT", "p": "70665.50", "q": "0.001", "nq": "0.001", "f": 7435630670, "l": 7435630670, "T": 1773486520238, "m": false}}
{"local_ts": 1773486520274, "server_ts": 1773486520238, "data": {"e": "aggTrade", "E": 1773486520241, "a": 3200110099, "s": "BTCUSDT", "p": "70665.80", "q": "0.001", "nq": "0.001", "f": 7435630671, "l": 7435630671, "T": 1773486520238, "m": false}}
{"local_ts": 1773486520283, "server_ts": 1773486520238, "data": {"e": "aggTrade", "E": 1773486520244, "a": 3200110100, "s": "BTCUSDT", "p": "70666.00", "q": "0.068", "nq": "0.068", "f": 7435630672, "l": 7435630673, "T": 1773486520238, "m": false}}
{"local_ts": 1773486520338, "server_ts": 1773486520240, "data": {"e": "aggTrade", "E": 1773486520306, "a": 3200110101, "s": "BTCUSDT", "p": "70666.20", "q": "0.002", "nq": "0.002", "f": 7435630674, "l": 7435630674, "T": 1773486520240, "m": false}}
{"local_ts": 1773486520369, "server_ts": 1773486520304, "data": {"e": "aggTrade", "E": 1773486520337, "a": 3200110102, "s": "BTCUSDT", "p": "70666.20", "q": "0.002", "nq": "0.002", "f": 7435630675, "l": 7435630675, "T": 1773486520304, "m": true}}
{"local_ts": 1773486520429, "server_ts": 1773486520336, "data": {"e": "aggTrade", "E": 1773486520398, "a": 3200110103, "s": "BTCUSDT", "p": "70666.30", "q": "0.002", "nq": "0.002", "f": 7435630676, "l": 7435630676, "T": 1773486520336, "m": false}}
{"local_ts": 1773486520580, "server_ts": 1773486520395, "data": {"e": "aggTrade", "E": 1773486520549, "a": 3200110104, "s": "BTCUSDT", "p": "70666.20", "q": "0.121", "nq": "0.121", "f": 7435630677, "l": 7435630678, "T": 1773486520395, "m": true}}
{"local_ts": 1773486520840, "server_ts": 1773486520655, "data": {"e": "aggTrade", "E": 1773486520808, "a": 3200110105, "s": "BTCUSDT", "p": "70666.30", "q": "0.002", "nq": "0.002", "f": 7435630679, "l": 7435630680, "T": 1773486520655, "m": false}}
{"local_ts": 1773486521132, "server_ts": 1773486520949, "data": {"e": "aggTrade", "E": 1773486521102, "a": 3200110106, "s": "BTCUSDT", "p": "70666.30", "q": "0.003", "nq": "0.003", "f": 7435630681, "l": 7435630681, "T": 1773486520949, "m": false}}
{"local_ts": 1773486521375, "server_ts": 1773486521259, "data": {"e": "aggTrade", "E": 1773486521344, "a": 3200110107, "s": "BTCUSDT", "p": "70666.30", "q": "0.020", "nq": "0.020", "f": 7435630682, "l": 7435630683, "T": 1773486521259, "m": false}}
{"local_ts": 1773486521380, "server_ts": 1773486521342, "data": {"e": "aggTrade", "E": 1773486521350, "a": 3200110108, "s": "BTCUSDT", "p": "70666.20", "q": "0.022", "nq": "0.022", "f": 7435630684, "l": 7435630690, "T": 1773486521342, "m": true}}
{"local_ts": 1773486521389, "server_ts": 1773486521346, "data": {"e": "aggTrade", "E": 1773486521358, "a": 3200110109, "s": "BTCUSDT", "p": "70666.10", "q": "0.880", "nq": "0.880", "f": 7435630691, "l": 7435630697, "T": 1773486521346, "m": true}}
{"local_ts": 1773486521390, "server_ts": 1773486521352, "data": {"e": "aggTrade", "E": 1773486521358, "a": 3200110110, "s": "BTCUSDT", "p": "70665.90", "q": "0.005", "nq": "0.005", "f": 7435630698, "l": 7435630699, "T": 1773486521352, "m": true}}
{"local_ts": 1773486521390, "server_ts": 1773486521352, "data": {"e": "aggTrade", "E": 1773486521358, "a": 3200110111, "s": "BTCUSDT", "p": "70665.80", "q": "0.002", "nq": "0.002", "f": 7435630700, "l": 7435630700, "T": 1773486521352, "m": true}}
{"local_ts": 1773486521391, "server_ts": 1773486521352, "data": {"e": "aggTrade", "E": 1773486521358, "a": 3200110112, "s": "BTCUSDT", "p": "70665.60", "q": "0.002", "nq": "0.002", "f": 7435630701, "l": 7435630701, "T": 1773486521352, "m": true}}
{"local_ts": 1773486521391, "server_ts": 1773486521352, "data": {"e": "aggTrade", "E": 1773486521358, "a": 3200110113, "s": "BTCUSDT", "p": "70665.00", "q": "0.002", "nq": "0.002", "f": 7435630702, "l": 7435630702, "T": 1773486521352, "m": true}}
{"local_ts": 1773486521392, "server_ts": 1773486521352, "data": {"e": "aggTrade", "E": 1773486521358, "a": 3200110114, "s": "BTCUSDT", "p": "70664.50", "q": "0.005", "nq": "0.005", "f": 7435630703, "l": 7435630704, "T": 1773486521352, "m": true}}
{"local_ts": 1773486521392, "server_ts": 1773486521352, "data": {"e": "aggTrade", "E": 1773486521358, "a": 3200110115, "s": "BTCUSDT", "p": "70664.40", "q": "0.001", "nq": "0.001", "f": 7435630705, "l": 7435630705, "T": 1773486521352, "m": true}}
{"local_ts": 1773486521393, "server_ts": 1773486521352, "data": {"e": "aggTrade", "E": 1773486521358, "a": 3200110116, "s": "BTCUSDT", "p": "70663.80", "q": "0.003", "nq": "0.003", "f": 7435630706, "l": 7435630706, "T": 1773486521352, "m": true}}
{"local_ts": 1773486521393, "server_ts": 1773486521352, "data": {"e": "aggTrade", "E": 1773486521358, "a": 3200110117, "s": "BTCUSDT", "p": "70663.50", "q": "0.001", "nq": "0.001", "f": 7435630707, "l": 7435630707, "T": 1773486521352, "m": true}}
{"local_ts": 1773486521393, "server_ts": 1773486521352, "data": {"e": "aggTrade", "E": 1773486521358, "a": 3200110118, "s": "BTCUSDT", "p": "70663.40", "q": "0.002", "nq": "0.002", "f": 7435630708, "l": 7435630708, "T": 1773486521352, "m": true}}
{"local_ts": 1773486521394, "server_ts": 1773486521352, "data": {"e": "aggTrade", "E": 1773486521358, "a": 3200110119, "s": "BTCUSDT", "p": "70663.20", "q": "0.001", "nq": "0.001", "f": 7435630709, "l": 7435630709, "T": 1773486521352, "m": true}}
{"local_ts": 1773486521394, "server_ts": 1773486521353, "data": {"e": "aggTrade", "E": 1773486521358, "a": 3200110120, "s": "BTCUSDT", "p": "70663.10", "q": "0.002", "nq": "0.002", "f": 7435630710, "l": 7435630710, "T": 1773486521353, "m": true}}
{"local_ts": 1773486521395, "server_ts": 1773486521353, "data": {"e": "aggTrade", "E": 1773486521358, "a": 3200110121, "s": "BTCUSDT", "p": "70663.00", "q": "0.002", "nq": "0.002", "f": 7435630711, "l": 7435630711, "T": 1773486521353, "m": true}}
{"local_ts": 1773486521395, "server_ts": 1773486521353, "data": {"e": "aggTrade", "E": 1773486521361, "a": 3200110122, "s": "BTCUSDT", "p": "70662.90", "q": "0.001", "nq": "0.001", "f": 7435630712, "l": 7435630712, "T": 1773486521353, "m": true}}
{"local_ts": 1773486521396, "server_ts": 1773486521356, "data": {"e": "aggTrade", "E": 1773486521361, "a": 3200110123, "s": "BTCUSDT", "p": "70662.80", "q": "0.004", "nq": "0.004", "f": 7435630713, "l": 7435630714, "T": 1773486521356, "m": true}}
{"local_ts": 1773486521396, "server_ts": 1773486521356, "data": {"e": "aggTrade", "E": 1773486521361, "a": 3200110124, "s": "BTCUSDT", "p": "70662.60", "q": "0.002", "nq": "0.002", "f": 7435630715, "l": 7435630715, "T": 1773486521356, "m": true}}
{"local_ts": 1773486521419, "server_ts": 1773486521356, "data": {"e": "aggTrade", "E": 1773486521385, "a": 3200110125, "s": "BTCUSDT", "p": "70662.50", "q": "0.001", "nq": "0.001", "f": 7435630716, "l": 7435630716, "T": 1773486521356, "m": true}}
{"local_ts": 1773486521486, "server_ts": 1773486521382, "data": {"e": "aggTrade", "E": 1773486521455, "a": 3200110126, "s": "BTCUSDT", "p": "70662.40", "q": "0.002", "nq": "0.002", "f": 7435630717, "l": 7435630717, "T": 1773486521382, "m": true}}
{"local_ts": 1773486521639, "server_ts": 1773486521453, "data": {"e": "aggTrade", "E": 1773486521606, "a": 3200110127, "s": "BTCUSDT", "p": "70662.50", "q": "0.087", "nq": "0.087", "f": 7435630718, "l": 7435630719, "T": 1773486521453, "m": false}}
{"local_ts": 1773486521944, "server_ts": 1773486521758, "data": {"e": "aggTrade", "E": 1773486521912, "a": 3200110128, "s": "BTCUSDT", "p": "70662.50", "q": "0.088", "nq": "0.088", "f": 7435630720, "l": 7435630721, "T": 1773486521758, "m": false}}
{"local_ts": 1773486522118, "server_ts": 1773486521931, "data": {"e": "aggTrade", "E": 1773486522085, "a": 3200110129, "s": "BTCUSDT", "p": "70662.40", "q": "0.007", "nq": "0.007", "f": 7435630722, "l": 7435630722, "T": 1773486521931, "m": true}}
{"local_ts": 1773486522298, "server_ts": 1773486522111, "data": {"e": "aggTrade", "E": 1773486522264, "a": 3200110130, "s": "BTCUSDT", "p": "70662.50", "q": "0.003", "nq": "0.003", "f": 7435630723, "l": 7435630723, "T": 1773486522111, "m": false}}
{"local_ts": 1773486522601, "server_ts": 1773486522456, "data": {"e": "aggTrade", "E": 1773486522567, "a": 3200110131, "s": "BTCUSDT", "p": "70662.40", "q": "0.002", "nq": "0.002", "f": 7435630724, "l": 7435630724, "T": 1773486522456, "m": true}}
{"local_ts": 1773486522605, "server_ts": 1773486522565, "data": {"e": "aggTrade", "E": 1773486522574, "a": 3200110132, "s": "BTCUSDT", "p": "70662.40", "q": "0.132", "nq": "0.132", "f": 7435630725, "l": 7435630733, "T": 1773486522565, "m": true}}
{"local_ts": 1773486522606, "server_ts": 1773486522570, "data": {"e": "aggTrade", "E": 1773486522574, "a": 3200110133, "s": "BTCUSDT", "p": "70662.30", "q": "0.006", "nq": "0.006", "f": 7435630734, "l": 7435630734, "T": 1773486522570, "m": true}}
{"local_ts": 1773486522606, "server_ts": 1773486522570, "data": {"e": "aggTrade", "E": 1773486522574, "a": 3200110134, "s": "BTCUSDT", "p": "70662.20", "q": "0.002", "nq": "0.002", "f": 7435630735, "l": 7435630735, "T": 1773486522570, "m": true}}
{"local_ts": 1773486522606, "server_ts": 1773486522570, "data": {"e": "aggTrade", "E": 1773486522574, "a": 3200110135, "s": "BTCUSDT", "p": "70662.10", "q": "0.005", "nq": "0.005", "f": 7435630736, "l": 7435630737, "T": 1773486522570, "m": true}}
{"local_ts": 1773486522607, "server_ts": 1773486522570, "data": {"e": "aggTrade", "E": 1773486522574, "a": 3200110136, "s": "BTCUSDT", "p": "70662.00", "q": "0.002", "nq": "0.002", "f": 7435630738, "l": 7435630738, "T": 1773486522570, "m": true}}
{"local_ts": 1773486522607, "server_ts": 1773486522570, "data": {"e": "aggTrade", "E": 1773486522574, "a": 3200110137, "s": "BTCUSDT", "p": "70661.80", "q": "0.004", "nq": "0.004", "f": 7435630739, "l": 7435630739, "T": 1773486522570, "m": true}}
{"local_ts": 1773486522607, "server_ts": 1773486522570, "data": {"e": "aggTrade", "E": 1773486522574, "a": 3200110138, "s": "BTCUSDT", "p": "70661.70", "q": "0.002", "nq": "0.002", "f": 7435630740, "l": 7435630740, "T": 1773486522570, "m": true}}
{"local_ts": 1773486522608, "server_ts": 1773486522570, "data": {"e": "aggTrade", "E": 1773486522574, "a": 3200110139, "s": "BTCUSDT", "p": "70661.60", "q": "0.003", "nq": "0.003", "f": 7435630741, "l": 7435630742, "T": 1773486522570, "m": true}}
{"local_ts": 1773486522608, "server_ts": 1773486522570, "data": {"e": "aggTrade", "E": 1773486522574, "a": 3200110140, "s": "BTCUSDT", "p": "70661.50", "q": "0.004", "nq": "0.004", "f": 7435630743, "l": 7435630744, "T": 1773486522570, "m": true}}
{"local_ts": 1773486522608, "server_ts": 1773486522570, "data": {"e": "aggTrade", "E": 1773486522574, "a": 3200110141, "s": "BTCUSDT", "p": "70661.20", "q": "0.001", "nq": "0.001", "f": 7435630745, "l": 7435630745, "T": 1773486522570, "m": true}}
{"local_ts": 1773486522609, "server_ts": 1773486522570, "data": {"e": "aggTrade", "E": 1773486522578, "a": 3200110142, "s": "BTCUSDT", "p": "70661.10", "q": "0.003", "nq": "0.003", "f": 7435630746, "l": 7435630746, "T": 1773486522570, "m": true}}
{"local_ts": 1773486522609, "server_ts": 1773486522574, "data": {"e": "aggTrade", "E": 1773486522578, "a": 3200110143, "s": "BTCUSDT", "p": "70660.90", "q": "0.001", "nq": "0.001", "f": 7435630747, "l": 7435630747, "T": 1773486522574, "m": true}}
{"local_ts": 1773486522610, "server_ts": 1773486522574, "data": {"e": "aggTrade", "E": 1773486522578, "a": 3200110144, "s": "BTCUSDT", "p": "70660.80", "q": "0.005", "nq": "0.005", "f": 7435630748, "l": 7435630749, "T": 1773486522574, "m": true}}
{"local_ts": 1773486522610, "server_ts": 1773486522574, "data": {"e": "aggTrade", "E": 1773486522578, "a": 3200110145, "s": "BTCUSDT", "p": "70660.70", "q": "0.001", "nq": "0.001", "f": 7435630750, "l": 7435630750, "T": 1773486522574, "m": true}}
{"local_ts": 1773486522610, "server_ts": 1773486522574, "data": {"e": "aggTrade", "E": 1773486522578, "a": 3200110146, "s": "BTCUSDT", "p": "70660.50", "q": "0.002", "nq": "0.002", "f": 7435630751, "l": 7435630751, "T": 1773486522574, "m": true}}
{"local_ts": 1773486522613, "server_ts": 1773486522574, "data": {"e": "aggTrade", "E": 1773486522580, "a": 3200110147, "s": "BTCUSDT", "p": "70660.30", "q": "0.002", "nq": "0.002", "f": 7435630752, "l": 7435630752, "T": 1773486522574, "m": true}}
{"local_ts": 1773486522615, "server_ts": 1773486522578, "data": {"e": "aggTrade", "E": 1773486522584, "a": 3200110148, "s": "BTCUSDT", "p": "70660.20", "q": "0.022", "nq": "0.022", "f": 7435630753, "l": 7435630755, "T": 1773486522578, "m": true}}
{"local_ts": 1773486522616, "server_ts": 1773486522580, "data": {"e": "aggTrade", "E": 1773486522586, "a": 3200110149, "s": "BTCUSDT", "p": "70660.00", "q": "0.043", "nq": "0.043", "f": 7435630756, "l": 7435630758, "T": 1773486522580, "m": true}}
{"local_ts": 1773486522617, "server_ts": 1773486522582, "data": {"e": "aggTrade", "E": 1773486522586, "a": 3200110150, "s": "BTCUSDT", "p": "70659.80", "q": "0.001", "nq": "0.001", "f": 7435630759, "l": 7435630759, "T": 1773486522582, "m": true}}
{"local_ts": 1773486522617, "server_ts": 1773486522582, "data": {"e": "aggTrade", "E": 1773486522586, "a": 3200110151, "s": "BTCUSDT", "p": "70659.70", "q": "0.003", "nq": "0.003", "f": 7435630760, "l": 7435630760, "T": 1773486522582, "m": true}}
{"local_ts": 1773486522618, "server_ts": 1773486522582, "data": {"e": "aggTrade", "E": 1773486522587, "a": 3200110152, "s": "BTCUSDT", "p": "70659.60", "q": "0.002", "nq": "0.002", "f": 7435630761, "l": 7435630761, "T": 1773486522582, "m": true}}
{"local_ts": 1773486522618, "server_ts": 1773486522582, "data": {"e": "aggTrade", "E": 1773486522587, "a": 3200110153, "s": "BTCUSDT", "p": "70659.50", "q": "0.001", "nq": "0.001", "f": 7435630762, "l": 7435630762, "T": 1773486522582, "m": true}}
{"local_ts": 1773486522618, "server_ts": 1773486522582, "data": {"e": "aggTrade", "E": 1773486522587, "a": 3200110154, "s": "BTCUSDT", "p": "70659.40", "q": "0.004", "nq": "0.004", "f": 7435630763, "l": 7435630764, "T": 1773486522582, "m": true}}
{"local_ts": 1773486522620, "server_ts": 1773486522582, "data": {"e": "aggTrade", "E": 1773486522590, "a": 3200110155, "s": "BTCUSDT", "p": "70659.30", "q": "0.003", "nq": "0.003", "f": 7435630765, "l": 7435630765, "T": 1773486522582, "m": true}}
{"local_ts": 1773486522621, "server_ts": 1773486522587, "data": {"e": "aggTrade", "E": 1773486522592, "a": 3200110156, "s": "BTCUSDT", "p": "70659.10", "q": "0.082", "nq": "0.082", "f": 7435630766, "l": 7435630772, "T": 1773486522587, "m": true}}
{"local_ts": 1773486522622, "server_ts": 1773486522589, "data": {"e": "aggTrade", "E": 1773486522592, "a": 3200110157, "s": "BTCUSDT", "p": "70659.00", "q": "0.010", "nq": "0.010", "f": 7435630773, "l": 7435630777, "T": 1773486522589, "m": true}}
{"local_ts": 1773486522622, "server_ts": 1773486522589, "data": {"e": "aggTrade", "E": 1773486522592, "a": 3200110158, "s": "BTCUSDT", "p": "70658.90", "q": "0.002", "nq": "0.002", "f": 7435630778, "l": 7435630778, "T": 1773486522589, "m": true}}
{"local_ts": 1773486522622, "server_ts": 1773486522589, "data": {"e": "aggTrade", "E": 1773486522592, "a": 3200110159, "s": "BTCUSDT", "p": "70658.80", "q": "0.001", "nq": "0.001", "f": 7435630779, "l": 7435630779, "T": 1773486522589, "m": true}}
{"local_ts": 1773486522623, "server_ts": 1773486522589, "data": {"e": "aggTrade", "E": 1773486522592, "a": 3200110160, "s": "BTCUSDT", "p": "70658.60", "q": "0.003", "nq": "0.003", "f": 7435630780, "l": 7435630781, "T": 1773486522589, "m": true}}
{"local_ts": 1773486522623, "server_ts": 1773486522589, "data": {"e": "aggTrade", "E": 1773486522592, "a": 3200110161, "s": "BTCUSDT", "p": "70658.40", "q": "0.003", "nq": "0.003", "f": 7435630782, "l": 7435630783, "T": 1773486522589, "m": true}}
{"local_ts": 1773486522624, "server_ts": 1773486522589, "data": {"e": "aggTrade", "E": 1773486522592, "a": 3200110162, "s": "BTCUSDT", "p": "70658.20", "q": "0.002", "nq": "0.002", "f": 7435630784, "l": 7435630784, "T": 1773486522589, "m": true}}
{"local_ts": 1773486522632, "server_ts": 1773486522589, "data": {"e": "aggTrade", "E": 1773486522596, "a": 3200110163, "s": "BTCUSDT", "p": "70658.10", "q": "0.002", "nq": "0.002", "f": 7435630785, "l": 7435630785, "T": 1773486522589, "m": true}}
{"local_ts": 1773486522632, "server_ts": 1773486522593, "data": {"e": "aggTrade", "E": 1773486522598, "a": 3200110164, "s": "BTCUSDT", "p": "70658.00", "q": "0.003", "nq": "0.003", "f": 7435630786, "l": 7435630787, "T": 1773486522593, "m": true}}
{"local_ts": 1773486522707, "server_ts": 1773486522595, "data": {"e": "aggTrade", "E": 1773486522673, "a": 3200110165, "s": "BTCUSDT", "p": "70657.80", "q": "0.020", "nq": "0.020", "f": 7435630788, "l": 7435630790, "T": 1773486522595, "m": true}}
{"local_ts": 1773486522855, "server_ts": 1773486522671, "data": {"e": "aggTrade", "E": 1773486522824, "a": 3200110166, "s": "BTCUSDT", "p": "70657.90", "q": "0.004", "nq": "0.004", "f": 7435630791, "l": 7435630791, "T": 1773486522671, "m": false}}
{"local_ts": 1773486523184, "server_ts": 1773486523102, "data": {"e": "aggTrade", "E": 1773486523154, "a": 3200110167, "s": "BTCUSDT", "p": "70657.80", "q": "0.011", "nq": "0.011", "f": 7435630792, "l": 7435630792, "T": 1773486523102, "m": true}}
{"local_ts": 1773486523336, "server_ts": 1773486523152, "data": {"e": "aggTrade", "E": 1773486523305, "a": 3200110168, "s": "BTCUSDT", "p": "70657.90", "q": "0.500", "nq": "0.500", "f": 7435630793, "l": 7435630793, "T": 1773486523152, "m": false}}
{"local_ts": 1773486523352, "server_ts": 1773486523318, "data": {"e": "aggTrade", "E": 1773486523321, "a": 3200110169, "s": "BTCUSDT", "p": "70657.80", "q": "0.017", "nq": "0.017", "f": 7435630794, "l": 7435630799, "T": 1773486523318, "m": true}}
{"local_ts": 1773486523352, "server_ts": 1773486523318, "data": {"e": "aggTrade", "E": 1773486523321, "a": 3200110170, "s": "BTCUSDT", "p": "70657.70", "q": "0.006", "nq": "0.006", "f": 7435630800, "l": 7435630800, "T": 1773486523318, "m": true}}
{"local_ts": 1773486523353, "server_ts": 1773486523318, "data": {"e": "aggTrade", "E": 1773486523321, "a": 3200110171, "s": "BTCUSDT", "p": "70657.60", "q": "0.002", "nq": "0.002", "f": 7435630801, "l": 7435630801, "T": 1773486523318, "m": true}}
{"local_ts": 1773486523381, "server_ts": 1773486523318, "data": {"e": "aggTrade", "E": 1773486523350, "a": 3200110172, "s": "BTCUSDT", "p": "70657.50", "q": "0.004", "nq": "0.004", "f": 7435630802, "l": 7435630803, "T": 1773486523318, "m": true}}
