{"local_ts": 1773507600000, "server_ts": 1773507599795, "data": {"e": "aggTrade", "E": 1773507599799, "a": 3200287263, "s": "BTCUSDT", "p": "70644.00", "q": "0.015", "nq": "0.015", "f": 7436051488, "l": 7436051491, "T": 1773507599795, "m": true}}
{"local_ts": 1773507600003, "server_ts": 1773507599795, "data": {"e": "aggTrade", "E": 1773507599802, "a": 3200287264, "s": "BTCUSDT", "p": "70643.90", "q": "0.002", "nq": "0.002", "f": 7436051492, "l": 7436051492, "T": 1773507599795, "m": true}}
{"local_ts": 1773507600004, "server_ts": 1773507599798, "data": {"e": "aggTrade", "E": 1773507599804, "a": 3200287265, "s": "BTCUSDT", "p": "70643.60", "q": "0.002", "nq": "0.002", "f": 7436051493, "l": 7436051493, "T": 1773507599798, "m": true}}
{"local_ts": 1773507600007, "server_ts": 1773507599799, "data": {"e": "aggTrade", "E": 1773507599804, "a": 3200287266, "s": "BTCUSDT", "p": "70643.40", "q": "0.008", "nq": "0.008", "f": 7436051494, "l": 7436051497, "T": 1773507599799, "m": true}}
{"local_ts": 1773507600008, "server_ts": 1773507599799, "data": {"e": "aggTrade", "E": 1773507599804, "a": 3200287267, "s": "BTCUSDT", "p": "70643.10", "q": "0.002", "nq": "0.002", "f": 7436051498, "l": 7436051498, "T": 1773507599799, "m": true}}
{"local_ts": 1773507600008, "server_ts": 1773507599799, "data": {"e": "aggTrade", "E": 1773507599804, "a": 3200287268, "s": "BTCUSDT", "p": "70643.00", "q": "0.004", "nq": "0.004", "f": 7436051499, "l": 7436051500, "T": 1773507599799, "m": true}}
{"local_ts": 1773507600013, "server_ts": 1773507599799, "data": {"e": "aggTrade", "E": 1773507599804, "a": 3200287269, "s": "BTCUSDT", "p": "70642.80", "q": "0.004", "nq": "0.004", "f": 7436051501, "l": 7436051502, "T": 1773507599799, "m": true}}
{"local_ts": 1773507600014, "server_ts": 1773507599799, "data": {"e": "aggTrade", "E": 1773507599814, "a": 3200287270, "s": "BTCUSDT", "p": "70642.70", "q": "0.001", "nq": "0.001", "f": 7436051503, "l": 7436051503, "T": 1773507599799, "m": true}}
{"local_ts": 1773507600024, "server_ts": 1773507599809, "data": {"e": "aggTrade", "E": 1773507599823, "a": 3200287271, "s": "BTCUSDT", "p": "70642.30", "q": "0.006", "nq": "0.006", "f": 7436051504, "l": 7436051506, "T": 1773507599809, "m": true}}
{"local_ts": 1773507600025, "server_ts": 1773507599816, "data": {"e": "aggTrade", "E": 1773507599823, "a": 3200287272, "s": "BTCUSDT", "p": "70642.00", "q": "0.004", "nq": "0.004", "f": 7436051507, "l": 7436051508, "T": 1773507599816, "m": true}}
{"local_ts": 1773507600025, "server_ts": 1773507599816, "data": {"e": "aggTrade", "E": 1773507599823, "a": 3200287273, "s": "BTCUSDT", "p": "70641.60", "q": "0.001", "nq": "0.001", "f": 7436051509, "l": 7436051509, "T": 1773507599816, "m": true}}
{"local_ts": 1773507600030, "server_ts": 1773507599816, "data": {"e": "aggTrade", "E": 1773507599829, "a": 3200287274, "s": "BTCUSDT", "p": "70641.30", "q": "0.004", "nq": "0.004", "f": 7436051510, "l": 7436051511, "T": 1773507599816, "m": true}}
{"local_ts": 1773507600031, "server_ts": 1773507599823, "data": {"e": "aggTrade", "E": 1773507599829, "a": 3200287275, "s": "BTCUSDT", "p": "70641.00", "q": "0.007", "nq": "0.007", "f": 7436051512, "l": 7436051514, "T": 1773507599823, "m": true}}
{"local_ts": 1773507600031, "server_ts": 1773507599823, "data": {"e": "aggTrade", "E": 1773507599829, "a": 3200287276, "s": "BTCUSDT", "p": "70640.90", "q": "0.001", "nq": "0.001", "f": 7436051515, "l": 7436051515, "T": 1773507599823, "m": true}}
{"local_ts": 1773507600032, "server_ts": 1773507599823, "data": {"e": "aggTrade", "E": 1773507599829, "a": 3200287277, "s": "BTCUSDT", "p": "70640.70", "q": "0.001", "nq": "0.001", "f": 7436051516, "l": 7436051516, "T": 1773507599823, "m": true}}
{"local_ts": 1773507600035, "server_ts": 1773507599823, "data": {"e": "aggTrade", "E": 1773507599832, "a": 3200287278, "s": "BTCUSDT", "p": "70640.60", "q": "0.001", "nq": "0.001", "f": 7436051517, "l": 7436051517, "T": 1773507599823, "m": true}}
{"local_ts": 1773507600085, "server_ts": 1773507599829, "data": {"e": "aggTrade", "E": 1773507599835, "a": 3200287279, "s": "BTCUSDT", "p": "70640.50", "q": "0.063", "nq": "0.063", "f": 7436051518, "l": 7436051521, "T": 1773507599829, "m": true}}
{"local_ts": 1773507600085, "server_ts": 1773507599832, "data": {"e": "aggTrade", "E": 1773507599835, "a": 3200287280, "s": "BTCUSDT", "p": "70640.40", "q": "0.001", "nq": "0.001", "f": 7436051522, "l": 7436051522, "T": 1773507599832, "m": true}}
{"local_ts": 1773507600086, "server_ts": 1773507599832, "data": {"e": "aggTrade", "E": 1773507599839, "a": 3200287281, "s": "BTCUSDT", "p": "70640.30", "q": "0.005", "nq": "0.005", "f": 7436051523, "l": 7436051524, "T": 1773507599832, "m": true}}
{"local_ts": 1773507600097, "server_ts": 1773507599836, "data": {"e": "aggTrade", "E": 1773507599843, "a": 3200287282, "s": "BTCUSDT", "p": "70640.20", "q": "0.105", "nq": "0.105", "f": 7436051525, "l": 7436051528, "T": 1773507599836, "m": true}}
{"local_ts": 1773507600097, "server_ts": 1773507599839, "data": {"e": "aggTrade", "E": 1773507599851, "a": 3200287283, "s": "BTCUSDT", "p": "70640.10", "q": "0.008", "nq": "0.008", "f": 7436051529, "l": 7436051532, "T": 1773507599839, "m": true}}
{"local_ts": 1773507600097, "server_ts": 1773507599847, "data": {"e": "aggTrade", "E": 1773507599853, "a": 3200287284, "s": "BTCUSDT", "p": "70640.00", "q": "0.053", "nq": "0.053", "f": 7436051533, "l": 7436051537, "T": 1773507599847, "m": true}}
{"local_ts": 1773507600098, "server_ts": 1773507599849, "data": {"e": "aggTrade", "E": 1773507599853, "a": 3200287285, "s": "BTCUSDT", "p": "70639.90", "q": "0.001", "nq": "0.001", "f": 7436051538, "l": 7436051538, "T": 1773507599849, "m": true}}
{"local_ts": 1773507600098, "server_ts": 1773507599849, "data": {"e": "aggTrade", "E": 1773507599853, "a": 3200287286, "s": "BTCUSDT", "p": "70639.80", "q": "0.011", "nq": "0.011", "f": 7436051539, "l": 7436051540, "T": 1773507599849, "m": true}}
{"local_ts": 1773507600098, "server_ts": 1773507599849, "data": {"e": "aggTrade", "E": 1773507599853, "a": 3200287287, "s": "BTCUSDT", "p": "70639.70", "q": "0.003", "nq": "0.003", "f": 7436051541, "l": 7436051541, "T": 1773507599849, "m": true}}
{"local_ts": 1773507600099, "server_ts": 1773507599849, "data": {"e": "aggTrade", "E": 1773507599853, "a": 3200287288, "s": "BTCUSDT", "p": "70639.60", "q": "0.002", "nq": "0.002", "f": 7436051542, "l": 7436051542, "T": 1773507599849, "m": true}}
{"local_ts": 1773507600099, "server_ts": 1773507599849, "data": {"e": "aggTrade", "E": 1773507599853, "a": 3200287289, "s": "BTCUSDT", "p": "70639.50", "q": "0.001", "nq": "0.001", "f": 7436051543, "l": 7436051543, "T": 1773507599849, "m": true}}
{"local_ts": 1773507600099, "server_ts": 1773507599849, "data": {"e": "aggTrade", "E": 1773507599853, "a": 3200287290, "s": "BTCUSDT", "p": "70639.20", "q": "0.005", "nq": "0.005", "f": 7436051544, "l": 7436051546, "T": 1773507599849, "m": true}}
{"local_ts": 1773507600111, "server_ts": 1773507599849, "data": {"e": "aggTrade", "E": 1773507599857, "a": 3200287291, "s": "BTCUSDT", "p": "70639.10", "q": "0.001", "nq": "0.001", "f": 7436051547, "l": 7436051547, "T": 1773507599849, "m": true}}
{"local_ts": 1773507600111, "server_ts": 1773507599853, "data": {"e": "aggTrade", "E": 1773507599857, "a": 3200287292, "s": "BTCUSDT", "p": "70638.80", "q": "0.001", "nq": "0.001", "f": 7436051548, "l": 7436051548, "T": 1773507599853, "m": true}}
{"local_ts": 1773507600112, "server_ts": 1773507599853, "data": {"e": "aggTrade", "E": 1773507599857, "a": 3200287293, "s": "BTCUSDT", "p": "70638.60", "q": "0.003", "nq": "0.003", "f": 7436051549, "l": 7436051550, "T": 1773507599853, "m": true}}
{"local_ts": 1773507600112, "server_ts": 1773507599853, "data": {"e": "aggTrade", "E": 1773507599857, "a": 3200287294, "s": "BTCUSDT", "p": "70638.50", "q": "0.002", "nq": "0.002", "f": 7436051551, "l": 7436051551, "T": 1773507599853, "m": true}}
{"local_ts": 1773507600112, "server_ts": 1773507599853, "data": {"e": "aggTrade", "E": 1773507599857, "a": 3200287295, "s": "BTCUSDT", "p": "70638.40", "q": "0.001", "nq": "0.001", "f": 7436051552, "l": 7436051552, "T": 1773507599853, "m": true}}
{"local_ts": 1773507600113, "server_ts": 1773507599853, "data": {"e": "aggTrade", "E": 1773507599857, "a": 3200287296, "s": "BTCUSDT", "p": "70638.20", "q": "0.002", "nq": "0.002", "f": 7436051553, "l": 7436051553, "T": 1773507599853, "m": true}}
{"local_ts": 1773507600113, "server_ts": 1773507599853, "data": {"e": "aggTrade", "E": 1773507599857, "a": 3200287297, "s": "BTCUSDT", "p": "70638.10", "q": "0.005", "nq": "0.005", "f": 7436051554, "l": 7436051555, "T": 1773507599853, "m": true}}
{"local_ts": 1773507600114, "server_ts": 1773507599853, "data": {"e": "aggTrade", "E": 1773507599857, "a": 3200287298, "s": "BTCUSDT", "p": "70638.00", "q": "0.005", "nq": "0.005", "f": 7436051556, "l": 7436051558, "T": 1773507599853, "m": true}}
{"local_ts": 1773507600114, "server_ts": 1773507599853, "data": {"e": "aggTrade", "E": 1773507599861, "a": 3200287299, "s": "BTCUSDT", "p": "70637.80", "q": "0.002", "nq": "0.002", "f": 7436051559, "l": 7436051559, "T": 1773507599853, "m": true}}
{"local_ts": 1773507600114, "server_ts": 1773507599858, "data": {"e": "aggTrade", "E": 1773507599875, "a": 3200287300, "s": "BTCUSDT", "p": "70637.70", "q": "0.053", "nq": "0.053", "f": 7436051560, "l": 7436051566, "T": 1773507599858, "m": true}}
{"local_ts": 1773507600115, "server_ts": 1773507599871, "data": {"e": "aggTrade", "E": 1773507599875, "a": 3200287301, "s": "BTCUSDT", "p": "70637.60", "q": "0.001", "nq": "0.001", "f": 7436051567, "l": 7436051567, "T": 1773507599871, "m": true}}
{"local_ts": 1773507600115, "server_ts": 1773507599871, "data": {"e": "aggTrade", "E": 1773507599878, "a": 3200287302, "s": "BTCUSDT", "p": "70637.50", "q": "0.004", "nq": "0.004", "f": 7436051568, "l": 7436051569, "T": 1773507599871, "m": true}}
{"local_ts": 1773507600121, "server_ts": 1773507599874, "data": {"e": "aggTrade", "E": 1773507599887, "a": 3200287303, "s": "BTCUSDT", "p": "70637.40", "q": "0.030", "nq": "0.030", "f": 7436051570, "l": 7436051577, "T": 1773507599874, "m": true}}
{"local_ts": 1773507600121, "server_ts": 1773507599883, "data": {"e": "aggTrade", "E": 1773507599887, "a": 3200287304, "s": "BTCUSDT", "p": "70637.30", "q": "0.002", "nq": "0.002", "f": 7436051578, "l": 7436051578, "T": 1773507599883, "m": true}}
{"local_ts": 1773507600121, "server_ts": 1773507599883, "data": {"e": "aggTrade", "E": 1773507599887, "a": 3200287305, "s": "BTCUSDT", "p": "70637.20", "q": "0.003", "nq": "0.003", "f": 7436051579, "l": 7436051580, "T": 1773507599883, "m": true}}
{"local_ts": 1773507600122, "server_ts": 1773507599883, "data": {"e": "aggTrade", "E": 1773507599887, "a": 3200287306, "s": "BTCUSDT", "p": "70637.00", "q": "0.005", "nq": "0.005", "f": 7436051581, "l": 7436051583, "T": 1773507599883, "m": true}}
{"local_ts": 1773507600122, "server_ts": 1773507599883, "data": {"e": "aggTrade", "E": 1773507599887, "a": 3200287307, "s": "BTCUSDT", "p": "70636.90", "q": "0.002", "nq": "0.002", "f": 7436051584, "l": 7436051584, "T": 1773507599883, "m": true}}
{"local_ts": 1773507600123, "server_ts": 1773507599883, "data": {"e": "aggTrade", "E": 1773507599890, "a": 3200287308, "s": "BTCUSDT", "p": "70636.80", "q": "0.005", "nq": "0.005", "f": 7436051585, "l": 7436051587, "T": 1773507599883, "m": true}}
{"local_ts": 1773507600250, "server_ts": 1773507599887, "data": {"e": "aggTrade", "E": 1773507600041, "a": 3200287309, "s": "BTCUSDT", "p": "70636.70", "q": "0.002", "nq": "0.002", "f": 7436051588, "l": 7436051588, "T": 1773507599887, "m": true}}
{"local_ts": 1773507600587, "server_ts": 1773507600233, "data": {"e": "aggTrade", "E": 1773507600387, "a": 3200287310, "s": "BTCUSDT", "p": "70636.70", "q": "1.153", "nq": "1.153", "f": 7436051589, "l": 7436051596, "T": 1773507600233, "m": true}}
{"local_ts": 1773507600739, "server_ts": 1773507600384, "data": {"e": "aggTrade", "E": 1773507600538, "a": 3200287311, "s": "BTCUSDT", "p": "70636.70", "q": "0.064", "nq": "0.064", "f": 7436051597, "l": 7436051598, "T": 1773507600384, "m": true}}
{"local_ts": 1773507600971, "server_ts": 1773507600617, "data": {"e": "aggTrade", "E": 1773507600771, "a": 3200287312, "s": "BTCUSDT", "p": "70636.70", "q": "0.093", "nq": "0.093", "f": 7436051599, "l": 7436051599, "T": 1773507600617, "m": true}}
{"local_ts": 1773507601124, "server_ts": 1773507600769, "data": {"e": "aggTrade", "E": 1773507600923, "a": 3200287313, "s": "BTCUSDT", "p": "70636.80", "q": "0.724", "nq": "0.724", "f": 7436051600, "l": 7436051601, "T": 1773507600769, "m": false}}
{"local_ts": 1773507601242, "server_ts": 1773507600928, "data": {"e": "aggTrade", "E": 1773507601044, "a": 3200287314, "s": "BTCUSDT", "p": "70636.80", "q": "3.534", "nq": "3.534", "f": 7436051602, "l": 7436051609, "T": 1773507600928, "m": false}}
{"local_ts": 1773507601266, "server_ts": 1773507601042, "data": {"e": "aggTrade", "E": 1773507601051, "a": 3200287315, "s": "BTCUSDT", "p": "70636.80", "q": "7.388", "nq": "7.388", "f": 7436051610, "l": 7436051663, "T": 1773507601042, "m": false}}
{"local_ts": 1773507601266, "server_ts": 1773507601046, "data": {"e": "aggTrade", "E": 1773507601051, "a": 3200287316, "s": "BTCUSDT", "p": "70636.90", "q": "0.001", "nq": "0.001", "f": 7436051664, "l": 7436051664, "T": 1773507601046, "m": false}}
{"local_ts": 1773507601267, "server_ts": 1773507601046, "data": {"e": "aggTrade", "E": 1773507601051, "a": 3200287317, "s": "BTCUSDT", "p": "70637.00", "q": "0.004", "nq": "0.004", "f": 7436051665, "l": 7436051666, "T": 1773507601046, "m": false}}
{"local_ts": 1773507601267, "server_ts": 1773507601046, "data": {"e": "aggTrade", "E": 1773507601051, "a": 3200287318, "s": "BTCUSDT", "p": "70637.60", "q": "0.003", "nq": "0.003", "f": 7436051667, "l": 7436051668, "T": 1773507601046, "m": false}}
{"local_ts": 1773507601267, "server_ts": 1773507601046, "data": {"e": "aggTrade", "E": 1773507601051, "a": 3200287319, "s": "BTCUSDT", "p": "70637.70", "q": "0.002", "nq": "0.002", "f": 7436051669, "l": 7436051669, "T": 1773507601046, "m": false}}
{"local_ts": 1773507601268, "server_ts": 1773507601046, "data": {"e": "aggTrade", "E": 1773507601051, "a": 3200287320, "s": "BTCUSDT", "p": "70637.90", "q": "0.001", "nq": "0.001", "f": 7436051670, "l": 7436051670, "T": 1773507601046, "m": false}}
{"local_ts": 1773507601268, "server_ts": 1773507601046, "data": {"e": "aggTrade", "E": 1773507601051, "a": 3200287321, "s": "BTCUSDT", "p": "70638.40", "q": "0.002", "nq": "0.002", "f": 7436051671, "l": 7436051671, "T": 1773507601046, "m": false}}
{"local_ts": 1773507601268, "server_ts": 1773507601046, "data": {"e": "aggTrade", "E": 1773507601051, "a": 3200287322, "s": "BTCUSDT", "p": "70638.50", "q": "0.004", "nq": "0.004", "f": 7436051672, "l": 7436051673, "T": 1773507601046, "m": false}}
{"local_ts": 1773507601269, "server_ts": 1773507601046, "data": {"e": "aggTrade", "E": 1773507601051, "a": 3200287323, "s": "BTCUSDT", "p": "70638.80", "q": "0.001", "nq": "0.001", "f": 7436051674, "l": 7436051674, "T": 1773507601046, "m": false}}
{"local_ts": 1773507601269, "server_ts": 1773507601046, "data": {"e": "aggTrade", "E": 1773507601051, "a": 3200287324, "s": "BTCUSDT", "p": "70638.90", "q": "0.213", "nq": "0.213", "f": 7436051675, "l": 7436051676, "T": 1773507601046, "m": false}}
{"local_ts": 1773507601269, "server_ts": 1773507601046, "data": {"e": "aggTrade", "E": 1773507601051, "a": 3200287325, "s": "BTCUSDT", "p": "70639.30", "q": "0.005", "nq": "0.005", "f": 7436051677, "l": 7436051678, "T": 1773507601046, "m": false}}
{"local_ts": 1773507601270, "server_ts": 1773507601046, "data": {"e": "aggTrade", "E": 1773507601051, "a": 3200287326, "s": "BTCUSDT", "p": "70639.50", "q": "0.001", "nq": "0.001", "f": 7436051679, "l": 7436051679, "T": 1773507601046, "m": false}}
{"local_ts": 1773507601270, "server_ts": 1773507601046, "data": {"e": "aggTrade", "E": 1773507601051, "a": 3200287327, "s": "BTCUSDT", "p": "70639.60", "q": "0.002", "nq": "0.002", "f": 7436051680, "l": 7436051680, "T": 1773507601046, "m": false}}
{"local_ts": 1773507601270, "server_ts": 1773507601046, "data": {"e": "aggTrade", "E": 1773507601051, "a": 3200287328, "s": "BTCUSDT", "p": "70639.80", "q": "0.003", "nq": "0.003", "f": 7436051681, "l": 7436051682, "T": 1773507601046, "m": false}}
{"local_ts": 1773507601271, "server_ts": 1773507601046, "data": {"e": "aggTrade", "E": 1773507601051, "a": 3200287329, "s": "BTCUSDT", "p": "70639.90", "q": "0.003", "nq": "0.003", "f": 7436051683, "l": 7436051683, "T": 1773507601046, "m": false}}
{"local_ts": 1773507601271, "server_ts": 1773507601046, "data": {"e": "aggTrade", "E": 1773507601051, "a": 3200287330, "s": "BTCUSDT", "p": "70640.00", "q": "0.004", "nq": "0.004", "f": 7436051684, "l": 7436051685, "T": 1773507601046, "m": false}}
{"local_ts": 1773507601271, "server_ts": 1773507601046, "data": {"e": "aggTrade", "E": 1773507601051, "a": 3200287331, "s": "BTCUSDT", "p": "70640.10", "q": "0.801", "nq": "0.801", "f": 7436051686, "l": 7436051687, "T": 1773507601046, "m": false}}
{"local_ts": 1773507601272, "server_ts": 1773507601046, "data": {"e": "aggTrade", "E": 1773507601051, "a": 3200287332, "s": "BTCUSDT", "p": "70640.20", "q": "0.001", "nq": "0.001", "f": 7436051688, "l": 7436051688, "T": 1773507601046, "m": false}}
{"local_ts": 1773507601272, "server_ts": 1773507601046, "data": {"e": "aggTrade", "E": 1773507601051, "a": 3200287333, "s": "BTCUSDT", "p": "70640.40", "q": "0.021", "nq": "0.021", "f": 7436051689, "l": 7436051691, "T": 1773507601046, "m": false}}
{"local_ts": 1773507601272, "server_ts": 1773507601046, "data": {"e": "aggTrade", "E": 1773507601051, "a": 3200287334, "s": "BTCUSDT", "p": "70640.50", "q": "0.011", "nq": "0.011", "f": 7436051692, "l": 7436051693, "T": 1773507601046, "m": false}}
{"local_ts": 1773507601273, "server_ts": 1773507601046, "data": {"e": "aggTrade", "E": 1773507601051, "a": 3200287335, "s": "BTCUSDT", "p": "70640.70", "q": "0.002", "nq": "0.002", "f": 7436051694, "l": 7436051694, "T": 1773507601046, "m": false}}
{"local_ts": 1773507601273, "server_ts": 1773507601046, "data": {"e": "aggTrade", "E": 1773507601051, "a": 3200287336, "s": "BTCUSDT", "p": "70640.80", "q": "0.061", "nq": "0.061", "f": 7436051695, "l": 7436051697, "T": 1773507601046, "m": false}}
{"local_ts": 1773507601273, "server_ts": 1773507601046, "data": {"e": "aggTrade", "E": 1773507601051, "a": 3200287337, "s": "BTCUSDT", "p": "70641.00", "q": "0.002", "nq": "0.002", "f": 7436051698, "l": 7436051698, "T": 1773507601046, "m": false}}
{"local_ts": 1773507601273, "server_ts": 1773507601046, "data": {"e": "aggTrade", "E": 1773507601051, "a": 3200287338, "s": "BTCUSDT", "p": "70641.10", "q": "0.001", "nq": "0.001", "f": 7436051699, "l": 7436051699, "T": 1773507601046, "m": false}}
{"local_ts": 1773507601274, "server_ts": 1773507601046, "data": {"e": "aggTrade", "E": 1773507601051, "a": 3200287339, "s": "BTCUSDT", "p": "70641.20", "q": "0.001", "nq": "0.001", "f": 7436051700, "l": 7436051700, "T": 1773507601046, "m": false}}
{"local_ts": 1773507601274, "server_ts": 1773507601046, "data": {"e": "aggTrade", "E": 1773507601051, "a": 3200287340, "s": "BTCUSDT", "p": "70641.40", "q": "0.005", "nq": "0.005", "f": 7436051701, "l": 7436051702, "T": 1773507601046, "m": false}}
{"local_ts": 1773507601274, "server_ts": 1773507601046, "data": {"e": "aggTrade", "E": 1773507601051, "a": 3200287341, "s": "BTCUSDT", "p": "70641.50", "q": "0.010", "nq": "0.010", "f": 7436051703, "l": 7436051705, "T": 1773507601046, "m": false}}
{"local_ts": 1773507601275, "server_ts": 1773507601046, "data": {"e": "aggTrade", "E": 1773507601051, "a": 3200287342, "s": "BTCUSDT", "p": "70641.60", "q": "0.002", "nq": "0.002", "f": 7436051706, "l": 7436051706, "T": 1773507601046, "m": false}}
{"local_ts": 1773507601275, "server_ts": 1773507601046, "data": {"e": "aggTrade", "E": 1773507601051, "a": 3200287343, "s": "BTCUSDT", "p": "70641.80", "q": "0.287", "nq": "0.287", "f": 7436051707, "l": 7436051709, "T": 1773507601046, "m": false}}
{"local_ts": 1773507601275, "server_ts": 1773507601046, "data": {"e": "aggTrade", "E": 1773507601051, "a": 3200287344, "s": "BTCUSDT", "p": "70641.90", "q": "0.002", "nq": "0.002", "f": 7436051710, "l": 7436051710, "T": 1773507601046, "m": false}}
{"local_ts": 1773507601276, "server_ts": 1773507601046, "data": {"e": "aggTrade", "E": 1773507601051, "a": 3200287345, "s": "BTCUSDT", "p": "70642.00", "q": "0.005", "nq": "0.005", "f": 7436051711, "l": 7436051712, "T": 1773507601046, "m": false}}
{"local_ts": 1773507601276, "server_ts": 1773507601046, "data": {"e": "aggTrade", "E": 1773507601051, "a": 3200287346, "s": "BTCUSDT", "p": "70642.10", "q": "0.169", "nq": "0.169", "f": 7436051713, "l": 7436051713, "T": 1773507601046, "m": false}}
{"local_ts": 1773507601276, "server_ts": 1773507601046, "data": {"e": "aggTrade", "E": 1773507601051, "a": 3200287347, "s": "BTCUSDT", "p": "70642.20", "q": "0.001", "nq": "0.001", "f": 7436051714, "l": 7436051714, "T": 1773507601046, "m": false}}
{"local_ts": 1773507601277, "server_ts": 1773507601046, "data": {"e": "aggTrade", "E": 1773507601051, "a": 3200287348, "s": "BTCUSDT", "p": "70642.30", "q": "0.002", "nq": "0.002", "f": 7436051715, "l": 7436051715, "T": 1773507601046, "m": false}}
{"local_ts": 1773507601277, "server_ts": 1773507601046, "data": {"e": "aggTrade", "E": 1773507601056, "a": 3200287349, "s": "BTCUSDT", "p": "70642.40", "q": "0.008", "nq": "0.008", "f": 7436051716, "l": 7436051716, "T": 1773507601046, "m": false}}
{"local_ts": 1773507601297, "server_ts": 1773507601049, "data": {"e": "aggTrade", "E": 1773507601077, "a": 3200287350, "s": "BTCUSDT", "p": "70640.60", "q": "0.060", "nq": "0.060", "f": 7436051717, "l": 7436051722, "T": 1773507601049, "m": false}}
{"local_ts": 1773507601359, "server_ts": 1773507601073, "data": {"e": "aggTrade", "E": 1773507601158, "a": 3200287351, "s": "BTCUSDT", "p": "70640.50", "q": "0.026", "nq": "0.026", "f": 7436051723, "l": 7436051723, "T": 1773507601073, "m": true}}
{"local_ts": 1773507601507, "server_ts": 1773507601155, "data": {"e": "aggTrade", "E": 1773507601309, "a": 3200287352, "s": "BTCUSDT", "p": "70640.60", "q": "0.073", "nq": "0.073", "f": 7436051724, "l": 7436051725, "T": 1773507601155, "m": false}}
{"local_ts": 1773507601619, "server_ts": 1773507601399, "data": {"e": "aggTrade", "E": 1773507601418, "a": 3200287353, "s": "BTCUSDT", "p": "70640.60", "q": "0.075", "nq": "0.075", "f": 7436051726, "l": 7436051727, "T": 1773507601399, "m": false}}
{"local_ts": 1773507601755, "server_ts": 1773507601415, "data": {"e": "aggTrade", "E": 1773507601553, "a": 3200287354, "s": "BTCUSDT", "p": "70640.50", "q": "0.008", "nq": "0.008", "f": 7436051728, "l": 7436051728, "T": 1773507601415, "m": true}}
{"local_ts": 1773507601895, "server_ts": 1773507601549, "data": {"e": "aggTrade", "E": 1773507601696, "a": 3200287355, "s": "BTCUSDT", "p": "70640.60", "q": "0.003", "nq": "0.003", "f": 7436051729, "l": 7436051729, "T": 1773507601549, "m": false}}
{"local_ts": 1773507602045, "server_ts": 1773507601694, "data": {"e": "aggTrade", "E": 1773507601848, "a": 3200287356, "s": "BTCUSDT", "p": "70640.50", "q": "0.041", "nq": "0.041", "f": 7436051730, "l": 7436051730, "T": 1773507601694, "m": true}}
{"local_ts": 1773507602453, "server_ts": 1773507602098, "data": {"e": "aggTrade", "E": 1773507602251, "a": 3200287357, "s": "BTCUSDT", "p": "70640.50", "q": "0.009", "nq": "0.009", "f": 7436051731, "l": 7436051731, "T": 1773507602098, "m": true}}
{"local_ts": 1773507602708, "server_ts": 1773507602400, "data": {"e": "aggTrade", "E": 1773507602507, "a": 3200287358, "s": "BTCUSDT", "p": "70640.50", "q": "0.007", "nq": "0.007", "f": 7436051732, "l": 7436051732, "T": 1773507602400, "m": true}}
{"local_ts": 1773507602803, "server_ts": 1773507602504, "data": {"e": "aggTrade", "E": 1773507602603, "a": 3200287359, "s": "BTCUSDT", "p": "70640.60", "q": "0.241", "nq": "0.241", "f": 7436051733, "l": 7436051733, "T": 1773507602504, "m": false}}
{"local_ts": 1773507602953, "server_ts": 1773507602600, "data": {"e": "aggTrade", "E": 1773507602754, "a": 3200287360, "s": "BTCUSDT", "p": "70640.50", "q": "0.007", "nq": "0.007", "f": 7436051734, "l": 7436051734, "T": 1773507602600, "m": true}}
{"local_ts": 1773507603824, "server_ts": 1773507603427, "data": {"e": "aggTrade", "E": 1773507603580, "a": 3200287361, "s": "BTCUSDT", "p": "70640.50", "q": "0.009", "nq": "0.009", "f": 7436051735, "l": 7436051736, "T": 1773507603427, "m": true}}
{"local_ts": 1773507604563, "server_ts": 1773507604208, "data": {"e": "aggTrade", "E": 1773507604361, "a": 3200287362, "s": "BTCUSDT", "p": "70640.60", "q": "0.003", "nq": "0.003", "f": 7436051737, "l": 7436051737, "T": 1773507604208, "m": false}}
{"local_ts": 1773507604839, "server_ts": 1773507604488, "data": {"e": "aggTrade", "E": 1773507604641, "a": 3200287363, "s": "BTCUSDT", "p": "70640.50", "q": "0.027", "nq": "0.027", "f": 7436051738, "l": 7436051739, "T": 1773507604488, "m": true}}
{"local_ts": 1773507604910, "server_ts": 1773507604698, "data": {"e": "aggTrade", "E": 1773507604706, "a": 3200287364, "s": "BTCUSDT", "p": "70640.50", "q": "0.064", "nq": "0.064", "f": 7436051740, "l": 7436051747, "T": 1773507604698, "m": true}}
{"local_ts": 1773507605000, "server_ts": 1773507604703, "data": {"e": "aggTrade", "E": 1773507604800, "a": 3200287365, "s": "BTCUSDT", "p": "70640.60", "q": "0.002", "nq": "0.002", "f": 7436051748, "l": 7436051748, "T": 1773507604703, "m": false}}
{"local_ts": 1773507605022, "server_ts": 1773507604798, "data": {"e": "aggTrade", "E": 1773507604823, "a": 3200287366, "s": "BTCUSDT", "p": "70640.50", "q": "0.010", "nq": "0.010", "f": 7436051749, "l": 7436051749, "T": 1773507604798, "m": true}}
{"local_ts": 1773507605172, "server_ts": 1773507604821, "data": {"e": "aggTrade", "E": 1773507604974, "a": 3200287367, "s": "BTCUSDT", "p": "70640.60", "q": "0.014", "nq": "0.014", "f": 7436051750, "l": 7436051750, "T": 1773507604821, "m": false}}
{"local_ts": 1773507605877, "server_ts": 1773507605523, "data": {"e": "aggTrade", "E": 1773507605678, "a": 3200287368, "s": "BTCUSDT", "p": "70640.50", "q": "0.007", "nq": "0.007", "f": 7436051751, "l": 7436051751, "T": 1773507605523, "m": true}}
{"local_ts": 1773507606096, "server_ts": 1773507605745, "data": {"e": "aggTrade", "E": 1773507605898, "a": 3200287369, "s": "BTCUSDT", "p": "70640.60", "q": "0.276", "nq": "0.276", "f": 7436051752, "l": 7436051755, "T": 1773507605745, "m": false}}
{"local_ts": 1773507606324, "server_ts": 1773507606115, "data": {"e": "aggTrade", "E": 1773507606123, "a": 3200287370, "s": "BTCUSDT", "p": "70640.50", "q": "2.865", "nq": "2.865", "f": 7436051756, "l": 7436051775, "T": 1773507606115, "m": true}}
{"local_ts": 1773507606325, "server_ts": 1773507606119, "data": {"e": "aggTrade", "E": 1773507606123, "a": 3200287371, "s": "BTCUSDT", "p": "70640.40", "q": "0.005", "nq": "0.005", "f": 7436051776, "l": 7436051778, "T": 1773507606119, "m": true}}
{"local_ts": 1773507606325, "server_ts": 1773507606119, "data": {"e": "aggTrade", "E": 1773507606123, "a": 3200287372, "s": "BTCUSDT", "p": "70640.30", "q": "0.002", "nq": "0.002", "f": 7436051779, "l": 7436051779, "T": 1773507606119, "m": true}}
{"local_ts": 1773507606329, "server_ts": 1773507606119, "data": {"e": "aggTrade", "E": 1773507606125, "a": 3200287373, "s": "BTCUSDT", "p": "70639.90", "q": "0.055", "nq": "0.055", "f": 7436051780, "l": 7436051781, "T": 1773507606119, "m": true}}
{"local_ts": 1773507606330, "server_ts": 1773507606119, "data": {"e": "aggTrade", "E": 1773507606125, "a": 3200287374, "s": "BTCUSDT", "p": "70639.80", "q": "0.049", "nq": "0.049", "f": 7436051782, "l": 7436051782, "T": 1773507606119, "m": true}}
{"local_ts": 1773507606331, "server_ts": 1773507606120, "data": {"e": "aggTrade", "E": 1773507606125, "a": 3200287375, "s": "BTCUSDT", "p": "70639.00", "q": "0.002", "nq": "0.002", "f": 7436051783, "l": 7436051783, "T": 1773507606120, "m": true}}
{"local_ts": 1773507606331, "server_ts": 1773507606120, "data": {"e": "aggTrade", "E": 1773507606125, "a": 3200287376, "s": "BTCUSDT", "p": "70638.80", "q": "0.008", "nq": "0.008", "f": 7436051784, "l": 7436051787, "T": 1773507606120, "m": true}}
{"local_ts": 1773507606331, "server_ts": 1773507606120, "data": {"e": "aggTrade", "E": 1773507606125, "a": 3200287377, "s": "BTCUSDT", "p": "70638.70", "q": "0.001", "nq": "0.001", "f": 7436051788, "l": 7436051788, "T": 1773507606120, "m": true}}
{"local_ts": 1773507606332, "server_ts": 1773507606120, "data": {"e": "aggTrade", "E": 1773507606125, "a": 3200287378, "s": "BTCUSDT", "p": "70638.40", "q": "0.001", "nq": "0.001", "f": 7436051789, "l": 7436051789, "T": 1773507606120, "m": true}}
{"local_ts": 1773507606332, "server_ts": 1773507606120, "data": {"e": "aggTrade", "E": 1773507606126, "a": 3200287379, "s": "BTCUSDT", "p": "70638.10", "q": "0.004", "nq": "0.004", "f": 7436051790, "l": 7436051791, "T": 1773507606120, "m": true}}
{"local_ts": 1773507606333, "server_ts": 1773507606120, "data": {"e": "aggTrade", "E": 1773507606132, "a": 3200287380, "s": "BTCUSDT", "p": "70637.70", "q": "0.001", "nq": "0.001", "f": 7436051792, "l": 7436051792, "T": 1773507606120, "m": true}}
{"local_ts": 1773507606333, "server_ts": 1773507606127, "data": {"e": "aggTrade", "E": 1773507606132, "a": 3200287381, "s": "BTCUSDT", "p": "70637.50", "q": "0.003", "nq": "0.003", "f": 7436051793, "l": 7436051794, "T": 1773507606127, "m": true}}
{"local_ts": 1773507606333, "server_ts": 1773507606127, "data": {"e": "aggTrade", "E": 1773507606134, "a": 3200287382, "s": "BTCUSDT", "p": "70637.40", "q": "0.005", "nq": "0.005", "f": 7436051795, "l": 7436051796, "T": 1773507606127, "m": true}}
{"local_ts": 1773507606334, "server_ts": 1773507606129, "data": {"e": "aggTrade", "E": 1773507606134, "a": 3200287383, "s": "BTCUSDT", "p": "70637.30", "q": "0.002", "nq": "0.002", "f": 7436051797, "l": 7436051797, "T": 1773507606129, "m": true}}
{"local_ts": 1773507606334, "server_ts": 1773507606129, "data": {"e": "aggTrade", "E": 1773507606134, "a": 3200287384, "s": "BTCUSDT", "p": "70637.20", "q": "0.001", "nq": "0.001", "f": 7436051798, "l": 7436051798, "T": 1773507606129, "m": true}}
{"local_ts": 1773507606335, "server_ts": 1773507606129, "data": {"e": "aggTrade", "E": 1773507606137, "a": 3200287385, "s": "BTCUSDT", "p": "70637.00", "q": "0.004", "nq": "0.004", "f": 7436051799, "l": 7436051800, "T": 1773507606129, "m": true}}
{"local_ts": 1773507606344, "server_ts": 1773507606132, "data": {"e": "aggTrade", "E": 1773507606143, "a": 3200287386, "s": "BTCUSDT", "p": "70636.80", "q": "0.040", "nq": "0.040", "f": 7436051801, "l": 7436051802, "T": 1773507606132, "m": true}}
{"local_ts": 1773507606345, "server_ts": 1773507606138, "data": {"e": "aggTrade", "E": 1773507606143, "a": 3200287387, "s": "BTCUSDT", "p": "70636.70", "q": "0.181", "nq": "0.181", "f": 7436051803, "l": 7436051805, "T": 1773507606138, "m": true}}
{"local_ts": 1773507606346, "server_ts": 1773507606139, "data": {"e": "aggTrade", "E": 1773507606143, "a": 3200287388, "s": "BTCUSDT", "p": "70636.60", "q": "0.007", "nq": "0.007", "f": 7436051806, "l": 7436051808, "T": 1773507606139, "m": true}}
{"local_ts": 1773507606346, "server_ts": 1773507606139, "data": {"e": "aggTrade", "E": 1773507606143, "a": 3200287389, "s": "BTCUSDT", "p": "70636.40", "q": "0.002", "nq": "0.002", "f": 7436051809, "l": 7436051809, "T": 1773507606139, "m": true}}
{"local_ts": 1773507606346, "server_ts": 1773507606139, "data": {"e": "aggTrade", "E": 1773507606143, "a": 3200287390, "s": "BTCUSDT", "p": "70636.10", "q": "0.003", "nq": "0.003", "f": 7436051810, "l": 7436051811, "T": 1773507606139, "m": true}}
{"local_ts": 1773507606347, "server_ts": 1773507606139, "data": {"e": "aggTrade", "E": 1773507606146, "a": 3200287391, "s": "BTCUSDT", "p": "70636.00", "q": "0.002", "nq": "0.002", "f": 7436051812, "l": 7436051812, "T": 1773507606139, "m": true}}
{"local_ts": 1773507606347, "server_ts": 1773507606141, "data": {"e": "aggTrade", "E": 1773507606146, "a": 3200287392, "s": "BTCUSDT", "p": "70635.90", "q": "0.002", "nq": "0.002", "f": 7436051813, "l": 7436051813, "T": 1773507606141, "m": true}}
{"local_ts": 1773507606347, "server_ts": 1773507606141, "data": {"e": "aggTrade", "E": 1773507606146, "a": 3200287393, "s": "BTCUSDT", "p": "70635.80", "q": "0.001", "nq": "0.001", "f": 7436051814, "l": 7436051814, "T": 1773507606141, "m": true}}
{"local_ts": 1773507606348, "server_ts": 1773507606141, "data": {"e": "aggTrade", "E": 1773507606146, "a": 3200287394, "s": "BTCUSDT", "p": "70635.70", "q": "0.002", "nq": "0.002", "f": 7436051815, "l": 7436051815, "T": 1773507606141, "m": true}}
{"local_ts": 1773507606350, "server_ts": 1773507606141, "data": {"e": "aggTrade", "E": 1773507606147, "a": 3200287395, "s": "BTCUSDT", "p": "70635.60", "q": "0.003", "nq": "0.003", "f": 7436051816, "l": 7436051817, "T": 1773507606141, "m": true}}
{"local_ts": 1773507606351, "server_ts": 1773507606141, "data": {"e": "aggTrade", "E": 1773507606147, "a": 3200287396, "s": "BTCUSDT", "p": "70635.40", "q": "0.002", "nq": "0.002", "f": 7436051818, "l": 7436051818, "T": 1773507606141, "m": true}}
{"local_ts": 1773507606351, "server_ts": 1773507606141, "data": {"e": "aggTrade", "E": 1773507606147, "a": 3200287397, "s": "BTCUSDT", "p": "70635.30", "q": "0.003", "nq": "0.003", "f": 7436051819, "l": 7436051820, "T": 1773507606141, "m": true}}
{"local_ts": 1773507606351, "server_ts": 1773507606141, "data": {"e": "aggTrade", "E": 1773507606147, "a": 3200287398, "s": "BTCUSDT", "p": "70635.10", "q": "0.005", "nq": "0.005", "f": 7436051821, "l": 7436051822, "T": 1773507606141, "m": true}}
{"local_ts": 1773507606352, "server_ts": 1773507606141, "data": {"e": "aggTrade", "E": 1773507606147, "a": 3200287399, "s": "BTCUSDT", "p": "70635.00", "q": "0.006", "nq": "0.006", "f": 7436051823, "l": 7436051824, "T": 1773507606141, "m": true}}
{"local_ts": 1773507606352, "server_ts": 1773507606141, "data": {"e": "aggTrade", "E": 1773507606147, "a": 3200287400, "s": "BTCUSDT", "p": "70634.90", "q": "0.002", "nq": "0.002", "f": 7436051825, "l": 7436051825, "T": 1773507606141, "m": true}}
{"local_ts": 1773507606353, "server_ts": 1773507606142, "data": {"e": "aggTrade", "E": 1773507606147, "a": 3200287401, "s": "BTCUSDT", "p": "70634.80", "q": "0.002", "nq": "0.002", "f": 7436051826, "l": 7436051826, "T": 1773507606142, "m": true}}
{"local_ts": 1773507606353, "server_ts": 1773507606142, "data": {"e": "aggTrade", "E": 1773507606147, "a": 3200287402, "s": "BTCUSDT", "p": "70634.70", "q": "0.001", "nq": "0.001", "f": 7436051827, "l": 7436051827, "T": 1773507606142, "m": true}}
{"local_ts": 1773507606353, "server_ts": 1773507606142, "data": {"e": "aggTrade", "E": 1773507606147, "a": 3200287403, "s": "BTCUSDT", "p": "70634.60", "q": "0.002", "nq": "0.002", "f": 7436051828, "l": 7436051828, "T": 1773507606142, "m": true}}
{"local_ts": 1773507606357, "server_ts": 1773507606142, "data": {"e": "aggTrade", "E": 1773507606154, "a": 3200287404, "s": "BTCUSDT", "p": "70634.50", "q": "0.006", "nq": "0.006", "f": 7436051829, "l": 7436051831, "T": 1773507606142, "m": true}}
{"local_ts": 1773507606358, "server_ts": 1773507606148, "data": {"e": "aggTrade", "E": 1773507606154, "a": 3200287405, "s": "BTCUSDT", "p": "70634.40", "q": "0.002", "nq": "0.002", "f": 7436051832, "l": 7436051833, "T": 1773507606148, "m": true}}
{"local_ts": 1773507606358, "server_ts": 1773507606148, "data": {"e": "aggTrade", "E": 1773507606154, "a": 3200287406, "s": "BTCUSDT", "p": "70634.30", "q": "0.001", "nq": "0.001", "f": 7436051834, "l": 7436051834, "T": 1773507606148, "m": true}}
{"local_ts": 1773507606358, "server_ts": 1773507606148, "data": {"e": "aggTrade", "E": 1773507606158, "a": 3200287407, "s": "BTCUSDT", "p": "70634.20", "q": "0.002", "nq": "0.002", "f": 7436051835, "l": 7436051835, "T": 1773507606148, "m": false}}
{"local_ts": 1773507606361, "server_ts": 1773507606152, "data": {"e": "aggTrade", "E": 1773507606161, "a": 3200287408, "s": "BTCUSDT", "p": "70634.10", "q": "0.087", "nq": "0.087", "f": 7436051836, "l": 7436051837, "T": 1773507606152, "m": true}}
{"local_ts": 1773507606361, "server_ts": 1773507606156, "data": {"e": "aggTrade", "E": 1773507606161, "a": 3200287409, "s": "BTCUSDT", "p": "70634.00", "q": "0.007", "nq": "0.007", "f": 7436051838, "l": 7436051842, "T": 1773507606156, "m": true}}
{"local_ts": 1773507606362, "server_ts": 1773507606156, "data": {"e": "aggTrade", "E": 1773507606161, "a": 3200287410, "s": "BTCUSDT", "p": "70633.90", "q": "0.007", "nq": "0.007", "f": 7436051843, "l": 7436051848, "T": 1773507606156, "m": true}}
{"local_ts": 1773507606362, "server_ts": 1773507606156, "data": {"e": "aggTrade", "E": 1773507606162, "a": 3200287411, "s": "BTCUSDT", "p": "70633.80", "q": "0.002", "nq": "0.002", "f": 7436051849, "l": 7436051849, "T": 1773507606156, "m": true}}
{"local_ts": 1773507606363, "server_ts": 1773507606156, "data": {"e": "aggTrade", "E": 1773507606162, "a": 3200287412, "s": "BTCUSDT", "p": "70633.60", "q": "0.001", "nq": "0.001", "f": 7436051850, "l": 7436051850, "T": 1773507606156, "m": true}}
{"local_ts": 1773507606366, "server_ts": 1773507606156, "data": {"e": "aggTrade", "E": 1773507606165, "a": 3200287413, "s": "BTCUSDT", "p": "70633.50", "q": "0.002", "nq": "0.002", "f": 7436051851, "l": 7436051851, "T": 1773507606156, "m": true}}
{"local_ts": 1773507606367, "server_ts": 1773507606159, "data": {"e": "aggTrade", "E": 1773507606165, "a": 3200287414, "s": "BTCUSDT", "p": "70633.30", "q": "0.045", "nq": "0.045", "f": 7436051852, "l": 7436051853, "T": 1773507606159, "m": true}}
{"local_ts": 1773507606418, "server_ts": 1773507606159, "data": {"e": "aggTrade", "E": 1773507606165, "a": 3200287415, "s": "BTCUSDT", "p": "70633.10", "q": "0.002", "nq": "0.002", "f": 7436051854, "l": 7436051854, "T": 1773507606159, "m": true}}
{"local_ts": 1773507606419, "server_ts": 1773507606159, "data": {"e": "aggTrade", "E": 1773507606165, "a": 3200287416, "s": "BTCUSDT", "p": "70633.00", "q": "0.004", "nq": "0.004", "f": 7436051855, "l": 7436051856, "T": 1773507606159, "m": true}}
{"local_ts": 1773507606419, "server_ts": 1773507606159, "data": {"e": "aggTrade", "E": 1773507606165, "a": 3200287417, "s": "BTCUSDT", "p": "70632.80", "q": "0.027", "nq": "0.027", "f": 7436051857, "l": 7436051859, "T": 1773507606159, "m": true}}
{"local_ts": 1773507606419, "server_ts": 1773507606159, "data": {"e": "aggTrade", "E": 1773507606165, "a": 3200287418, "s": "BTCUSDT", "p": "70632.70", "q": "0.001", "nq": "0.001", "f": 7436051860, "l": 7436051860, "T": 1773507606159, "m": true}}
{"local_ts": 1773507606420, "server_ts": 1773507606159, "data": {"e": "aggTrade", "E": 1773507606165, "a": 3200287419, "s": "BTCUSDT", "p": "70632.40", "q": "0.003", "nq": "0.003", "f": 7436051861, "l": 7436051862, "T": 1773507606159, "m": true}}
{"local_ts": 1773507606420, "server_ts": 1773507606159, "data": {"e": "aggTrade", "E": 1773507606165, "a": 3200287420, "s": "BTCUSDT", "p": "70632.30", "q": "0.275", "nq": "0.275", "f": 7436051863, "l": 7436051864, "T": 1773507606159, "m": true}}
{"local_ts": 1773507606420, "server_ts": 1773507606159, "data": {"e": "aggTrade", "E": 1773507606165, "a": 3200287421, "s": "BTCUSDT", "p": "70632.20", "q": "0.002", "nq": "0.002", "f": 7436051865, "l": 7436051865, "T": 1773507606159, "m": true}}
{"local_ts": 1773507606421, "server_ts": 1773507606159, "data": {"e": "aggTrade", "E": 1773507606165, "a": 3200287422, "s": "BTCUSDT", "p": "70632.10", "q": "0.001", "nq": "0.001", "f": 7436051866, "l": 7436051866, "T": 1773507606159, "m": true}}
{"local_ts": 1773507606421, "server_ts": 1773507606159, "data": {"e": "aggTrade", "E": 1773507606165, "a": 3200287423, "s": "BTCUSDT", "p": "70632.00", "q": "0.009", "nq": "0.009", "f": 7436051867, "l": 7436051870, "T": 1773507606159, "m": true}}
{"local_ts": 1773507606421, "server_ts": 1773507606159, "data": {"e": "aggTrade", "E": 1773507606165, "a": 3200287424, "s": "BTCUSDT", "p": "70631.80", "q": "0.003", "nq": "0.003", "f": 7436051871, "l": 7436051872, "T": 1773507606159, "m": true}}
{"local_ts": 1773507606422, "server_ts": 1773507606159, "data": {"e": "aggTrade", "E": 1773507606165, "a": 3200287425, "s": "BTCUSDT", "p": "70631.70", "q": "0.003", "nq": "0.003", "f": 7436051873, "l": 7436051874, "T": 1773507606159, "m": true}}
{"local_ts": 1773507606422, "server_ts": 1773507606159, "data": {"e": "aggTrade", "E": 1773507606165, "a": 3200287426, "s": "BTCUSDT", "p": "70631.60", "q": "0.002", "nq": "0.002", "f": 7436051875, "l": 7436051875, "T": 1773507606159, "m": true}}
{"local_ts": 1773507606422, "server_ts": 1773507606159, "data": {"e": "aggTrade", "E": 1773507606170, "a": 3200287427, "s": "BTCUSDT", "p": "70631.40", "q": "0.001", "nq": "0.001", "f": 7436051876, "l": 7436051876, "T": 1773507606159, "m": true}}
{"local_ts": 1773507606423, "server_ts": 1773507606165, "data": {"e": "aggTrade", "E": 1773507606189, "a": 3200287428, "s": "BTCUSDT", "p": "70631.10", "q": "0.093", "nq": "0.093", "f": 7436051877, "l": 7436051889, "T": 1773507606165, "m": true}}
{"local_ts": 1773507606423, "server_ts": 1773507606186, "data": {"e": "aggTrade", "E": 1773507606189, "a": 3200287429, "s": "BTCUSDT", "p": "70631.00", "q": "0.002", "nq": "0.002", "f": 7436051890, "l": 7436051890, "T": 1773507606186, "m": true}}
{"local_ts": 1773507606423, "server_ts": 1773507606186, "data": {"e": "aggTrade", "E": 1773507606194, "a": 3200287430, "s": "BTCUSDT", "p": "70630.90", "q": "0.005", "nq": "0.005", "f": 7436051891, "l": 7436051893, "T": 1773507606186, "m": true}}
{"local_ts": 1773507606424, "server_ts": 1773507606189, "data": {"e": "aggTrade", "E": 1773507606197, "a": 3200287431, "s": "BTCUSDT", "p": "70630.80", "q": "0.156", "nq": "0.156", "f": 7436051894, "l": 7436051899, "T": 1773507606189, "m": true}}
{"local_ts": 1773507606424, "server_ts": 1773507606192, "data": {"e": "aggTrade", "E": 1773507606197, "a": 3200287432, "s": "BTCUSDT", "p": "70630.70", "q": "0.036", "nq": "0.036", "f": 7436051900, "l": 7436051900, "T": 1773507606192, "m": true}}
{"local_ts": 1773507606424, "server_ts": 1773507606192, "data": {"e": "aggTrade", "E": 1773507606197, "a": 3200287433, "s": "BTCUSDT", "p": "70630.60", "q": "0.003", "nq": "0.003", "f": 7436051901, "l": 7436051902, "T": 1773507606192, "m": true}}
{"local_ts": 1773507606425, "server_ts": 1773507606192, "data": {"e": "aggTrade", "E": 1773507606198, "a": 3200287434, "s": "BTCUSDT", "p": "70630.30", "q": "0.039", "nq": "0.039", "f": 7436051903, "l": 7436051905, "T": 1773507606192, "m": true}}
{"local_ts": 1773507606425, "server_ts": 1773507606192, "data": {"e": "aggTrade", "E": 1773507606198, "a": 3200287435, "s": "BTCUSDT", "p": "70630.20", "q": "0.004", "nq": "0.004", "f": 7436051906, "l": 7436051907, "T": 1773507606192, "m": true}}
{"local_ts": 1773507606425, "server_ts": 1773507606192, "data": {"e": "aggTrade", "E": 1773507606198, "a": 3200287436, "s": "BTCUSDT", "p": "70630.10", "q": "0.003", "nq": "0.003", "f": 7436051908, "l": 7436051909, "T": 1773507606192, "m": true}}
{"local_ts": 1773507606426, "server_ts": 1773507606192, "data": {"e": "aggTrade", "E": 1773507606198, "a": 3200287437, "s": "BTCUSDT", "p": "70630.00", "q": "0.112", "nq": "0.112", "f": 7436051910, "l": 7436051914, "T": 1773507606192, "m": true}}
{"local_ts": 1773507606426, "server_ts": 1773507606192, "data": {"e": "aggTrade", "E": 1773507606204, "a": 3200287438, "s": "BTCUSDT", "p": "70629.90", "q": "0.002", "nq": "0.002", "f": 7436051915, "l": 7436051915, "T": 1773507606192, "m": true}}
{"local_ts": 1773507606426, "server_ts": 1773507606199, "data": {"e": "aggTrade", "E": 1773507606206, "a": 3200287439, "s": "BTCUSDT", "p": "70629.80", "q": "0.005", "nq": "0.005", "f": 7436051916, "l": 7436051918, "T": 1773507606199, "m": true}}
{"local_ts": 1773507606427, "server_ts": 1773507606201, "data": {"e": "aggTrade", "E": 1773507606206, "a": 3200287440, "s": "BTCUSDT", "p": "70629.60", "q": "0.003", "nq": "0.003", "f": 7436051919, "l": 7436051919, "T": 1773507606201, "m": true}}
{"local_ts": 1773507606427, "server_ts": 1773507606201, "data": {"e": "aggTrade", "E": 1773507606206, "a": 3200287441, "s": "BTCUSDT", "p": "70629.30", "q": "0.001", "nq": "0.001", "f": 7436051920, "l": 7436051920, "T": 1773507606201, "m": true}}
{"local_ts": 1773507606430, "server_ts": 1773507606201, "data": {"e": "aggTrade", "E": 1773507606212, "a": 3200287442, "s": "BTCUSDT", "p": "70629.20", "q": "0.071", "nq": "0.071", "f": 7436051921, "l": 7436051922, "T": 1773507606201, "m": true}}
{"local_ts": 1773507606430, "server_ts": 1773507606205, "data": {"e": "aggTrade", "E": 1773507606212, "a": 3200287443, "s": "BTCUSDT", "p": "70628.90", "q": "0.006", "nq": "0.006", "f": 7436051923, "l": 7436051925, "T": 1773507606205, "m": true}}
{"local_ts": 1773507606431, "server_ts": 1773507606205, "data": {"e": "aggTrade", "E": 1773507606212, "a": 3200287444, "s": "BTCUSDT", "p": "70628.70", "q": "0.001", "nq": "0.001", "f": 7436051926, "l": 7436051926, "T": 1773507606205, "m": true}}
{"local_ts": 1773507606431, "server_ts": 1773507606205, "data": {"e": "aggTrade", "E": 1773507606212, "a": 3200287445, "s": "BTCUSDT", "p": "70628.60", "q": "0.049", "nq": "0.049", "f": 7436051927, "l": 7436051927, "T": 1773507606205, "m": true}}
{"local_ts": 1773507606431, "server_ts": 1773507606205, "data": {"e": "aggTrade", "E": 1773507606212, "a": 3200287446, "s": "BTCUSDT", "p": "70628.50", "q": "0.002", "nq": "0.002", "f": 7436051928, "l": 7436051928, "T": 1773507606205, "m": true}}
{"local_ts": 1773507606431, "server_ts": 1773507606205, "data": {"e": "aggTrade", "E": 1773507606212, "a": 3200287447, "s": "BTCUSDT", "p": "70628.40", "q": "0.023", "nq": "0.023", "f": 7436051929, "l": 7436051935, "T": 1773507606205, "m": true}}
{"local_ts": 1773507606432, "server_ts": 1773507606205, "data": {"e": "aggTrade", "E": 1773507606212, "a": 3200287448, "s": "BTCUSDT", "p": "70628.10", "q": "0.004", "nq": "0.004", "f": 7436051936, "l": 7436051937, "T": 1773507606205, "m": true}}
{"local_ts": 1773507606432, "server_ts": 1773507606205, "data": {"e": "aggTrade", "E": 1773507606212, "a": 3200287449, "s": "BTCUSDT", "p": "70627.80", "q": "0.001", "nq": "0.001", "f": 7436051938, "l": 7436051938, "T": 1773507606205, "m": true}}
{"local_ts": 1773507606432, "server_ts": 1773507606205, "data": {"e": "aggTrade", "E": 1773507606212, "a": 3200287450, "s": "BTCUSDT", "p": "70627.70", "q": "0.006", "nq": "0.006", "f": 7436051939, "l": 7436051941, "T": 1773507606205, "m": true}}
{"local_ts": 1773507606440, "server_ts": 1773507606205, "data": {"e": "aggTrade", "E": 1773507606218, "a": 3200287451, "s": "BTCUSDT", "p": "70627.50", "q": "0.005", "nq": "0.005", "f": 7436051942, "l": 7436051943, "T": 1773507606205, "m": true}}
{"local_ts": 1773507606441, "server_ts": 1773507606211, "data": {"e": "aggTrade", "E": 1773507606218, "a": 3200287452, "s": "BTCUSDT", "p": "70627.30", "q": "0.387", "nq": "0.387", "f": 7436051944, "l": 7436051946, "T": 1773507606211, "m": true}}
{"local_ts": 1773507606441, "server_ts": 1773507606211, "data": {"e": "aggTrade", "E": 1773507606218, "a": 3200287453, "s": "BTCUSDT", "p": "70627.20", "q": "0.001", "nq": "0.001", "f": 7436051947, "l": 7436051947, "T": 1773507606211, "m": true}}
{"local_ts": 1773507606441, "server_ts": 1773507606211, "data": {"e": "aggTrade", "E": 1773507606218, "a": 3200287454, "s": "BTCUSDT", "p": "70627.00", "q": "0.002", "nq": "0.002", "f": 7436051948, "l": 7436051948, "T": 1773507606211, "m": true}}
{"local_ts": 1773507606442, "server_ts": 1773507606211, "data": {"e": "aggTrade", "E": 1773507606218, "a": 3200287455, "s": "BTCUSDT", "p": "70626.90", "q": "0.036", "nq": "0.036", "f": 7436051949, "l": 7436051949, "T": 1773507606211, "m": true}}
{"local_ts": 1773507606442, "server_ts": 1773507606211, "data": {"e": "aggTrade", "E": 1773507606218, "a": 3200287456, "s": "BTCUSDT", "p": "70626.80", "q": "0.006", "nq": "0.006", "f": 7436051950, "l": 7436051952, "T": 1773507606211, "m": true}}
{"local_ts": 1773507606442, "server_ts": 1773507606211, "data": {"e": "aggTrade", "E": 1773507606218, "a": 3200287457, "s": "BTCUSDT", "p": "70626.70", "q": "0.002", "nq": "0.002", "f": 7436051953, "l": 7436051953, "T": 1773507606211, "m": true}}
{"local_ts": 1773507606443, "server_ts": 1773507606211, "data": {"e": "aggTrade", "E": 1773507606218, "a": 3200287458, "s": "BTCUSDT", "p": "70626.60", "q": "0.038", "nq": "0.038", "f": 7436051954, "l": 7436051955, "T": 1773507606211, "m": true}}
{"local_ts": 1773507606443, "server_ts": 1773507606211, "data": {"e": "aggTrade", "E": 1773507606218, "a": 3200287459, "s": "BTCUSDT", "p": "70626.50", "q": "0.004", "nq": "0.004", "f": 7436051956, "l": 7436051957, "T": 1773507606211, "m": true}}
{"local_ts": 1773507606444, "server_ts": 1773507606211, "data": {"e": "aggTrade", "E": 1773507606218, "a": 3200287460, "s": "BTCUSDT", "p": "70626.30", "q": "0.003", "nq": "0.003", "f": 7436051958, "l": 7436051958, "T": 1773507606211, "m": true}}
{"local_ts": 1773507606444, "server_ts": 1773507606211, "data": {"e": "aggTrade", "E": 1773507606218, "a": 3200287461, "s": "BTCUSDT", "p": "70626.20", "q": "0.001", "nq": "0.001", "f": 7436051959, "l": 7436051959, "T": 1773507606211, "m": true}}
{"local_ts": 1773507606444, "server_ts": 1773507606211, "data": {"e": "aggTrade", "E": 1773507606218, "a": 3200287462, "s": "BTCUSDT", "p": "70626.10", "q": "0.003", "nq": "0.003", "f": 7436051960, "l": 7436051960, "T": 1773507606211, "m": true}}
{"local_ts": 1773507606445, "server_ts": 1773507606211, "data": {"e": "aggTrade", "E": 1773507606218, "a": 3200287463, "s": "BTCUSDT", "p": "70626.00", "q": "0.006", "nq": "0.006", "f": 7436051961, "l": 7436051965, "T": 1773507606211, "m": true}}
{"local_ts": 1773507606445, "server_ts": 1773507606211, "data": {"e": "aggTrade", "E": 1773507606219, "a": 3200287464, "s": "BTCUSDT", "p": "70625.90", "q": "0.005", "nq": "0.005", "f": 7436051966, "l": 7436051967, "T": 1773507606211, "m": true}}
{"local_ts": 1773507606445, "server_ts": 1773507606211, "data": {"e": "aggTrade", "E": 1773507606219, "a": 3200287465, "s": "BTCUSDT", "p": "70625.80", "q": "0.002", "nq": "0.002", "f": 7436051968, "l": 7436051968, "T": 1773507606211, "m": true}}
{"local_ts": 1773507606446, "server_ts": 1773507606211, "data": {"e": "aggTrade", "E": 1773507606219, "a": 3200287466, "s": "BTCUSDT", "p": "70625.70", "q": "0.003", "nq": "0.003", "f": 7436051969, "l": 7436051970, "T": 1773507606211, "m": true}}
{"local_ts": 1773507606446, "server_ts": 1773507606211, "data": {"e": "aggTrade", "E": 1773507606219, "a": 3200287467, "s": "BTCUSDT", "p": "70625.60", "q": "0.002", "nq": "0.002", "f": 7436051971, "l": 7436051971, "T": 1773507606211, "m": true}}
{"local_ts": 1773507606446, "server_ts": 1773507606211, "data": {"e": "aggTrade", "E": 1773507606230, "a": 3200287468, "s": "BTCUSDT", "p": "70625.40", "q": "0.003", "nq": "0.003", "f": 7436051972, "l": 7436051972, "T": 1773507606211, "m": true}}
{"local_ts": 1773507606446, "server_ts": 1773507606223, "data": {"e": "aggTrade", "E": 1773507606230, "a": 3200287469, "s": "BTCUSDT", "p": "70625.20", "q": "0.004", "nq": "0.004", "f": 7436051973, "l": 7436051974, "T": 1773507606223, "m": true}}
{"local_ts": 1773507606447, "server_ts": 1773507606223, "data": {"e": "aggTrade", "E": 1773507606230, "a": 3200287470, "s": "BTCUSDT", "p": "70625.10", "q": "0.003", "nq": "0.003", "f": 7436051975, "l": 7436051976, "T": 1773507606223, "m": true}}
{"local_ts": 1773507606447, "server_ts": 1773507606223, "data": {"e": "aggTrade", "E": 1773507606243, "a": 3200287471, "s": "BTCUSDT", "p": "70625.00", "q": "0.005", "nq": "0.005", "f": 7436051977, "l": 7436051977, "T": 1773507606223, "m": true}}
{"local_ts": 1773507606448, "server_ts": 1773507606235, "data": {"e": "aggTrade", "E": 1773507606243, "a": 3200287472, "s": "BTCUSDT", "p": "70624.80", "q": "0.002", "nq": "0.002", "f": 7436051978, "l": 7436051978, "T": 1773507606235, "m": true}}
{"local_ts": 1773507606448, "server_ts": 1773507606235, "data": {"e": "aggTrade", "E": 1773507606243, "a": 3200287473, "s": "BTCUSDT", "p": "70624.60", "q": "0.005", "nq": "0.005", "f": 7436051979, "l": 7436051980, "T": 1773507606235, "m": true}}
{"local_ts": 1773507606448, "server_ts": 1773507606235, "data": {"e": "aggTrade", "E": 1773507606243, "a": 3200287474, "s": "BTCUSDT", "p": "70624.50", "q": "0.003", "nq": "0.003", "f": 7436051981, "l": 7436051982, "T": 1773507606235, "m": true}}
{"local_ts": 1773507606449, "server_ts": 1773507606235, "data": {"e": "aggTrade", "E": 1773507606245, "a": 3200287475, "s": "BTCUSDT", "p": "70624.40", "q": "0.006", "nq": "0.006", "f": 7436051983, "l": 7436051983, "T": 1773507606235, "m": true}}
{"local_ts": 1773507606461, "server_ts": 1773507606237, "data": {"e": "aggTrade", "E": 1773507606261, "a": 3200287476, "s": "BTCUSDT", "p": "70624.30", "q": "0.003", "nq": "0.003", "f": 7436051984, "l": 7436051984, "T": 1773507606237, "m": true}}
{"local_ts": 1773507606464, "server_ts": 1773507606252, "data": {"e": "aggTrade", "E": 1773507606263, "a": 3200287477, "s": "BTCUSDT", "p": "70624.00", "q": "0.002", "nq": "0.002", "f": 7436051985, "l": 7436051985, "T": 1773507606252, "m": false}}
{"local_ts": 1773507606487, "server_ts": 1773507606253, "data": {"e": "aggTrade", "E": 1773507606269, "a": 3200287478, "s": "BTCUSDT", "p": "70623.90", "q": "0.004", "nq": "0.004", "f": 7436051986, "l": 7436051987, "T": 1773507606253, "m": true}}
{"local_ts": 1773507606488, "server_ts": 1773507606259, "data": {"e": "aggTrade", "E": 1773507606278, "a": 3200287479, "s": "BTCUSDT", "p": "70623.60", "q": "0.002", "nq": "0.002", "f": 7436051988, "l": 7436051988, "T": 1773507606259, "m": true}}
{"local_ts": 1773507606488, "server_ts": 1773507606268, "data": {"e": "aggTrade", "E": 1773507606281, "a": 3200287480, "s": "BTCUSDT", "p": "70623.40", "q": "0.030", "nq": "0.030", "f": 7436051989, "l": 7436051990, "T": 1773507606268, "m": true}}
{"local_ts": 1773507606489, "server_ts": 1773507606272, "data": {"e": "aggTrade", "E": 1773507606285, "a": 3200287481, "s": "BTCUSDT", "p": "70623.30", "q": "0.026", "nq": "0.026", "f": 7436051991, "l": 7436051993, "T": 1773507606272, "m": true}}
{"local_ts": 1773507606640, "server_ts": 1773507606279, "data": {"e": "aggTrade", "E": 1773507606436, "a": 3200287482, "s": "BTCUSDT", "p": "70623.40", "q": "0.003", "nq": "0.003", "f": 7436051994, "l": 7436051994, "T": 1773507606279, "m": false}}
{"local_ts": 1773507606678, "server_ts": 1773507606474, "data": {"e": "aggTrade", "E": 1773507606478, "a": 3200287483, "s": "BTCUSDT", "p": "70623.40", "q": "0.101", "nq": "0.101", "f": 7436051995, "l": 7436052010, "T": 1773507606474, "m": false}}
{"local_ts": 1773507606678, "server_ts": 1773507606474, "data": {"e": "aggTrade", "E": 1773507606478, "a": 3200287484, "s": "BTCUSDT", "p": "70623.50", "q": "0.005", "nq": "0.005", "f": 7436052011, "l": 7436052012, "T": 1773507606474, "m": false}}
{"local_ts": 1773507606679, "server_ts": 1773507606474, "data": {"e": "aggTrade", "E": 1773507606478, "a": 3200287485, "s": "BTCUSDT", "p": "70623.60", "q": "0.002", "nq": "0.002", "f": 7436052013, "l": 7436052013, "T": 1773507606474, "m": false}}
{"local_ts": 1773507606679, "server_ts": 1773507606474, "data": {"e": "aggTrade", "E": 1773507606478, "a": 3200287486, "s": "BTCUSDT", "p": "70623.70", "q": "0.004", "nq": "0.004", "f": 7436052014, "l": 7436052014, "T": 1773507606474, "m": false}}
{"local_ts": 1773507606679, "server_ts": 1773507606474, "data": {"e": "aggTrade", "E": 1773507606478, "a": 3200287487, "s": "BTCUSDT", "p": "70624.10", "q": "0.004", "nq": "0.004", "f": 7436052015, "l": 7436052016, "T": 1773507606474, "m": false}}
{"local_ts": 1773507606680, "server_ts": 1773507606474, "data": {"e": "aggTrade", "E": 1773507606478, "a": 3200287488, "s": "BTCUSDT", "p": "70624.40", "q": "0.002", "nq": "0.002", "f": 7436052017, "l": 7436052017, "T": 1773507606474, "m": false}}
{"local_ts": 1773507606680, "server_ts": 1773507606475, "data": {"e": "aggTrade", "E": 1773507606478, "a": 3200287489, "s": "BTCUSDT", "p": "70624.60", "q": "0.002", "nq": "0.002", "f": 7436052018, "l": 7436052018, "T": 1773507606475, "m": false}}
{"local_ts": 1773507606680, "server_ts": 1773507606475, "data": {"e": "aggTrade", "E": 1773507606478, "a": 3200287490, "s": "BTCUSDT", "p": "70624.90", "q": "0.002", "nq": "0.002", "f": 7436052019, "l": 7436052019, "T": 1773507606475, "m": false}}
{"local_ts": 1773507606696, "server_ts": 1773507606475, "data": {"e": "aggTrade", "E": 1773507606481, "a": 3200287491, "s": "BTCUSDT", "p": "70625.00", "q": "0.008", "nq": "0.008", "f": 7436052020, "l": 7436052022, "T": 1773507606475, "m": false}}
{"local_ts": 1773507606697, "server_ts": 1773507606477, "data": {"e": "aggTrade", "E": 1773507606483, "a": 3200287492, "s": "BTCUSDT", "p": "70625.30", "q": "0.006", "nq": "0.006", "f": 7436052023, "l": 7436052024, "T": 1773507606477, "m": false}}
{"local_ts": 1773507606697, "server_ts": 1773507606478, "data": {"e": "aggTrade", "E": 1773507606483, "a": 3200287493, "s": "BTCUSDT", "p": "70625.50", "q": "0.003", "nq": "0.003", "f": 7436052025, "l": 7436052025, "T": 1773507606478, "m": false}}
{"local_ts": 1773507606698, "server_ts": 1773507606478, "data": {"e": "aggTrade", "E": 1773507606483, "a": 3200287494, "s": "BTCUSDT", "p": "70625.70", "q": "0.002", "nq": "0.002", "f": 7436052026, "l": 7436052026, "T": 1773507606478, "m": false}}
{"local_ts": 1773507606698, "server_ts": 1773507606478, "data": {"e": "aggTrade", "E": 1773507606483, "a": 3200287495, "s": "BTCUSDT", "p": "70626.10", "q": "0.003", "nq": "0.003", "f": 7436052027, "l": 7436052027, "T": 1773507606478, "m": false}}
{"local_ts": 1773507606698, "server_ts": 1773507606478, "data": {"e": "aggTrade", "E": 1773507606483, "a": 3200287496, "s": "BTCUSDT", "p": "70626.30", "q": "0.001", "nq": "0.001", "f": 7436052028, "l": 7436052028, "T": 1773507606478, "m": false}}
{"local_ts": 1773507606699, "server_ts": 1773507606478, "data": {"e": "aggTrade", "E": 1773507606483, "a": 3200287497, "s": "BTCUSDT", "p": "70626.50", "q": "0.004", "nq": "0.004", "f": 7436052029, "l": 7436052030, "T": 1773507606478, "m": false}}
{"local_ts": 1773507606699, "server_ts": 1773507606478, "data": {"e": "aggTrade", "E": 1773507606487, "a": 3200287498, "s": "BTCUSDT", "p": "70626.60", "q": "0.002", "nq": "0.002", "f": 7436052031, "l": 7436052031, "T": 1773507606478, "m": false}}
{"local_ts": 1773507606699, "server_ts": 1773507606481, "data": {"e": "aggTrade", "E": 1773507606487, "a": 3200287499, "s": "BTCUSDT", "p": "70626.70", "q": "0.003", "nq": "0.003", "f": 7436052032, "l": 7436052033, "T": 1773507606481, "m": false}}
{"local_ts": 1773507606700, "server_ts": 1773507606481, "data": {"e": "aggTrade", "E": 1773507606487, "a": 3200287500, "s": "BTCUSDT", "p": "70626.80", "q": "0.004", "nq": "0.004", "f": 7436052034, "l": 7436052036, "T": 1773507606481, "m": false}}
{"local_ts": 1773507606700, "server_ts": 1773507606481, "data": {"e": "aggTrade", "E": 1773507606487, "a": 3200287501, "s": "BTCUSDT", "p": "70627.10", "q": "0.002", "nq": "0.002", "f": 7436052037, "l": 7436052037, "T": 1773507606481, "m": false}}
{"local_ts": 1773507606700, "server_ts": 1773507606481, "data": {"e": "aggTrade", "E": 1773507606487, "a": 3200287502, "s": "BTCUSDT", "p": "70627.20", "q": "0.003", "nq": "0.003", "f": 7436052038, "l": 7436052040, "T": 1773507606481, "m": false}}
{"local_ts": 1773507606701, "server_ts": 1773507606481, "data": {"e": "aggTrade", "E": 1773507606491, "a": 3200287503, "s": "BTCUSDT", "p": "70627.30", "q": "0.002", "nq": "0.002", "f": 7436052041, "l": 7436052041, "T": 1773507606481, "m": false}}
{"local_ts": 1773507606701, "server_ts": 1773507606486, "data": {"e": "aggTrade", "E": 1773507606498, "a": 3200287504, "s": "BTCUSDT", "p": "70627.40", "q": "0.008", "nq": "0.008", "f": 7436052042, "l": 7436052044, "T": 1773507606486, "m": false}}
{"local_ts": 1773507606785, "server_ts": 1773507606492, "data": {"e": "aggTrade", "E": 1773507606582, "a": 3200287505, "s": "BTCUSDT", "p": "70627.80", "q": "0.007", "nq": "0.007", "f": 7436052045, "l": 7436052045, "T": 1773507606492, "m": true}}
{"local_ts": 1773507606786, "server_ts": 1773507606578, "data": {"e": "aggTrade", "E": 1773507606585, "a": 3200287506, "s": "BTCUSDT", "p": "70627.90", "q": "0.075", "nq": "0.075", "f": 7436052046, "l": 7436052051, "T": 1773507606578, "m": false}}
{"local_ts": 1773507606786, "server_ts": 1773507606581, "data": {"e": "aggTrade", "E": 1773507606585, "a": 3200287507, "s": "BTCUSDT", "p": "70628.50", "q": "0.032", "nq": "0.032", "f": 7436052052, "l": 7436052054, "T": 1773507606581, "m": false}}
{"local_ts": 1773507606786, "server_ts": 1773507606581, "data": {"e": "aggTrade", "E": 1773507606585, "a": 3200287508, "s": "BTCUSDT", "p": "70628.60", "q": "0.003", "nq": "0.003", "f": 7436052055, "l": 7436052055, "T": 1773507606581, "m": false}}
{"local_ts": 1773507606787, "server_ts": 1773507606581, "data": {"e": "aggTrade", "E": 1773507606585, "a": 3200287509, "s": "BTCUSDT", "p": "70628.90", "q": "0.002", "nq": "0.002", "f": 7436052056, "l": 7436052056, "T": 1773507606581, "m": false}}
{"local_ts": 1773507606787, "server_ts": 1773507606581, "data": {"e": "aggTrade", "E": 1773507606585, "a": 3200287510, "s": "BTCUSDT", "p": "70629.00", "q": "0.002", "nq": "0.002", "f": 7436052057, "l": 7436052057, "T": 1773507606581, "m": false}}
{"local_ts": 1773507606787, "server_ts": 1773507606581, "data": {"e": "aggTrade", "E": 1773507606585, "a": 3200287511, "s": "BTCUSDT", "p": "70629.10", "q": "0.003", "nq": "0.003", "f": 7436052058, "l": 7436052058, "T": 1773507606581, "m": false}}
{"local_ts": 1773507606787, "server_ts": 1773507606581, "data": {"e": "aggTrade", "E": 1773507606585, "a": 3200287512, "s": "BTCUSDT", "p": "70629.80", "q": "0.002", "nq": "0.002", "f": 7436052059, "l": 7436052059, "T": 1773507606581, "m": false}}
{"local_ts": 1773507606788, "server_ts": 1773507606581, "data": {"e": "aggTrade", "E": 1773507606585, "a": 3200287513, "s": "BTCUSDT", "p": "70630.00", "q": "0.006", "nq": "0.006", "f": 7436052060, "l": 7436052062, "T": 1773507606581, "m": false}}
{"local_ts": 1773507606793, "server_ts": 1773507606581, "data": {"e": "aggTrade", "E": 1773507606588, "a": 3200287514, "s": "BTCUSDT", "p": "70630.10", "q": "0.002", "nq": "0.002", "f": 7436052063, "l": 7436052063, "T": 1773507606581, "m": false}}
{"local_ts": 1773507606793, "server_ts": 1773507606584, "data": {"e": "aggTrade", "E": 1773507606591, "a": 3200287515, "s": "BTCUSDT", "p": "70630.50", "q": "0.021", "nq": "0.021", "f": 7436052064, "l": 7436052069, "T": 1773507606584, "m": false}}
{"local_ts": 1773507606795, "server_ts": 1773507606588, "data": {"e": "aggTrade", "E": 1773507606594, "a": 3200287516, "s": "BTCUSDT", "p": "70630.70", "q": "0.024", "nq": "0.024", "f": 7436052070, "l": 7436052071, "T": 1773507606588, "m": false}}
{"local_ts": 1773507606900, "server_ts": 1773507606589, "data": {"e": "aggTrade", "E": 1773507606701, "a": 3200287517, "s": "BTCUSDT", "p": "70630.60", "q": "0.012", "nq": "0.012", "f": 7436052072, "l": 7436052072, "T": 1773507606589, "m": true}}
{"local_ts": 1773507607051, "server_ts": 1773507606698, "data": {"e": "aggTrade", "E": 1773507606852, "a": 3200287518, "s": "BTCUSDT", "p": "70630.60", "q": "0.040", "nq": "0.040", "f": 7436052073, "l": 7436052073, "T": 1773507606698, "m": true}}
{"local_ts": 1773507607322, "server_ts": 1773507606964, "data": {"e": "aggTrade", "E": 1773507607121, "a": 3200287519, "s": "BTCUSDT", "p": "70630.60", "q": "0.003", "nq": "0.003", "f": 7436052074, "l": 7436052074, "T": 1773507606964, "m": true}}
{"local_ts": 1773507607768, "server_ts": 1773507607415, "data": {"e": "aggTrade", "E": 1773507607569, "a": 3200287520, "s": "BTCUSDT", "p": "70630.60", "q": "0.009", "nq": "0.009", "f": 7436052075, "l": 7436052076, "T": 1773507607415, "m": true}}
{"local_ts": 1773507608146, "server_ts": 1773507607794, "data": {"e": "aggTrade", "E": 1773507607947, "a": 3200287521, "s": "BTCUSDT", "p": "70630.70", "q": "0.003", "nq": "0.003", "f": 7436052077, "l": 7436052077, "T": 1773507607794, "m": false}}
{"local_ts": 1773507608684, "server_ts": 1773507608332, "data": {"e": "aggTrade", "E": 1773507608485, "a": 3200287522, "s": "BTCUSDT", "p": "70630.60", "q": "0.007", "nq": "0.007", "f": 7436052078, "l": 7436052078, "T": 1773507608332, "m": true}}
{"local_ts": 1773507608842, "server_ts": 1773507608488, "data": {"e": "aggTrade", "E": 1773507608641, "a": 3200287523, "s": "BTCUSDT", "p": "70630.70", "q": "0.004", "nq": "0.004", "f": 7436052079, "l": 7436052079, "T": 1773507608488, "m": false}}
{"local_ts": 1773507609117, "server_ts": 1773507608764, "data": {"e": "aggTrade", "E": 1773507608917, "a": 3200287524, "s": "BTCUSDT", "p": "70630.60", "q": "0.003", "nq": "0.003", "f": 7436052080, "l": 7436052080, "T": 1773507608764, "m": true}}
{"local_ts": 1773507609426, "server_ts": 1773507609072, "data": {"e": "aggTrade", "E": 1773507609226, "a": 3200287525, "s": "BTCUSDT", "p": "70630.70", "q": "0.072", "nq": "0.072", "f": 7436052081, "l": 7436052081, "T": 1773507609072, "m": false}}
{"local_ts": 1773507609724, "server_ts": 1773507609372, "data": {"e": "aggTrade", "E": 1773507609525, "a": 3200287526, "s": "BTCUSDT", "p": "70630.60", "q": "0.007", "nq": "0.007", "f": 7436052082, "l": 7436052082, "T": 1773507609372, "m": true}}
{"local_ts": 1773507610194, "server_ts": 1773507609843, "data": {"e": "aggTrade", "E": 1773507609996, "a": 3200287527, "s": "BTCUSDT", "p": "70630.70", "q": "0.007", "nq": "0.007", "f": 7436052083, "l": 7436052083, "T": 1773507609843, "m": false}}
{"local_ts": 1773507610533, "server_ts": 1773507610186, "data": {"e": "aggTrade", "E": 1773507610331, "a": 3200287528, "s": "BTCUSDT", "p": "70630.70", "q": "0.003", "nq": "0.003", "f": 7436052084, "l": 7436052085, "T": 1773507610186, "m": false}}
{"local_ts": 1773507610681, "server_ts": 1773507610329, "data": {"e": "aggTrade", "E": 1773507610482, "a": 3200287529, "s": "BTCUSDT", "p": "70630.60", "q": "0.007", "nq": "0.007", "f": 7436052086, "l": 7436052086, "T": 1773507610329, "m": true}}
{"local_ts": 1773507610952, "server_ts": 1773507610600, "data": {"e": "aggTrade", "E": 1773507610752, "a": 3200287530, "s": "BTCUSDT", "p": "70630.70", "q": "0.010", "nq": "0.010", "f": 7436052087, "l": 7436052088, "T": 1773507610600, "m": false}}
{"local_ts": 1773507611466, "server_ts": 1773507611117, "data": {"e": "aggTrade", "E": 1773507611267, "a": 3200287531, "s": "BTCUSDT", "p": "70630.60", "q": "0.014", "nq": "0.014", "f": 7436052089, "l": 7436052089, "T": 1773507611117, "m": true}}
{"local_ts": 1773507611593, "server_ts": 1773507611266, "data": {"e": "aggTrade", "E": 1773507611394, "a": 3200287532, "s": "BTCUSDT", "p": "70630.60", "q": "0.007", "nq": "0.007", "f": 7436052091, "l": 7436052091, "T": 1773507611266, "m": true}}
{"local_ts": 1773507611745, "server_ts": 1773507611392, "data": {"e": "aggTrade", "E": 1773507611541, "a": 3200287533, "s": "BTCUSDT", "p": "70630.70", "q": "0.020", "nq": "0.020", "f": 7436052092, "l": 7436052092, "T": 1773507611392, "m": false}}
{"local_ts": 1773507611892, "server_ts": 1773507611539, "data": {"e": "aggTrade", "E": 1773507611692, "a": 3200287534, "s": "BTCUSDT", "p": "70630.70", "q": "0.003", "nq": "0.003", "f": 7436052093, "l": 7436052093, "T": 1773507611539, "m": false}}
{"local_ts": 1773507612420, "server_ts": 1773507612145, "data": {"e": "aggTrade", "E": 1773507612218, "a": 3200287535, "s": "BTCUSDT", "p": "70630.70", "q": "0.002", "nq": "0.002", "f": 7436052095, "l": 7436052095, "T": 1773507612145, "m": false}}
{"local_ts": 1773507612569, "server_ts": 1773507612217, "data": {"e": "aggTrade", "E": 1773507612369, "a": 3200287536, "s": "BTCUSDT", "p": "70630.60", "q": "0.006", "nq": "0.006", "f": 7436052096, "l": 7436052096, "T": 1773507612217, "m": true}}
{"local_ts": 1773507612784, "server_ts": 1773507612430, "data": {"e": "aggTrade", "E": 1773507612582, "a": 3200287537, "s": "BTCUSDT", "p": "70630.70", "q": "0.003", "nq": "0.003", "f": 7436052097, "l": 7436052097, "T": 1773507612430, "m": false}}
{"local_ts": 1773507613043, "server_ts": 1773507612688, "data": {"e": "aggTrade", "E": 1773507612841, "a": 3200287538, "s": "BTCUSDT", "p": "70630.70", "q": "0.002", "nq": "0.002", "f": 7436052098, "l": 7436052098, "T": 1773507612688, "m": false}}
{"local_ts": 1773507613363, "server_ts": 1773507613010, "data": {"e": "aggTrade", "E": 1773507613163, "a": 3200287539, "s": "BTCUSDT", "p": "70630.70", "q": "0.004", "nq": "0.004", "f": 7436052099, "l": 7436052100, "T": 1773507613010, "m": false}}
{"local_ts": 1773507613555, "server_ts": 1773507613201, "data": {"e": "aggTrade", "E": 1773507613355, "a": 3200287540, "s": "BTCUSDT", "p": "70630.60", "q": "0.007", "nq": "0.007", "f": 7436052101, "l": 7436052101, "T": 1773507613201, "m": true}}
{"local_ts": 1773507613740, "server_ts": 1773507613386, "data": {"e": "aggTrade", "E": 1773507613540, "a": 3200287541, "s": "BTCUSDT", "p": "70630.60", "q": "0.062", "nq": "0.062", "f": 7436052102, "l": 7436052102, "T": 1773507613386, "m": true}}
{"local_ts": 1773507614320, "server_ts": 1773507613968, "data": {"e": "aggTrade", "E": 1773507614121, "a": 3200287542, "s": "BTCUSDT", "p": "70630.60", "q": "0.009", "nq": "0.009", "f": 7436052103, "l": 7436052104, "T": 1773507613968, "m": true}}
{"local_ts": 1773507614536, "server_ts": 1773507614177, "data": {"e": "aggTrade", "E": 1773507614330, "a": 3200287543, "s": "BTCUSDT", "p": "70630.60", "q": "0.007", "nq": "0.007", "f": 7436052105, "l": 7436052105, "T": 1773507614177, "m": true}}
{"local_ts": 1773507614633, "server_ts": 1773507614423, "data": {"e": "aggTrade", "E": 1773507614430, "a": 3200287544, "s": "BTCUSDT", "p": "70630.70", "q": "0.447", "nq": "0.447", "f": 7436052106, "l": 7436052124, "T": 1773507614423, "m": false}}
{"local_ts": 1773507614633, "server_ts": 1773507614425, "data": {"e": "aggTrade", "E": 1773507614430, "a": 3200287545, "s": "BTCUSDT", "p": "70630.90", "q": "0.002", "nq": "0.002", "f": 7436052125, "l": 7436052125, "T": 1773507614425, "m": false}}
{"local_ts": 1773507614634, "server_ts": 1773507614425, "data": {"e": "aggTrade", "E": 1773507614430, "a": 3200287546, "s": "BTCUSDT", "p": "70631.20", "q": "0.007", "nq": "0.007", "f": 7436052126, "l": 7436052126, "T": 1773507614425, "m": false}}
{"local_ts": 1773507614635, "server_ts": 1773507614425, "data": {"e": "aggTrade", "E": 1773507614433, "a": 3200287547, "s": "BTCUSDT", "p": "70631.30", "q": "0.060", "nq": "0.060", "f": 7436052127, "l": 7436052129, "T": 1773507614425, "m": false}}
{"local_ts": 1773507614635, "server_ts": 1773507614428, "data": {"e": "aggTrade", "E": 1773507614433, "a": 3200287548, "s": "BTCUSDT", "p": "70631.40", "q": "0.002", "nq": "0.002", "f": 7436052130, "l": 7436052130, "T": 1773507614428, "m": false}}
{"local_ts": 1773507614635, "server_ts": 1773507614428, "data": {"e": "aggTrade", "E": 1773507614433, "a": 3200287549, "s": "BTCUSDT", "p": "70631.70", "q": "0.003", "nq": "0.003", "f": 7436052131, "l": 7436052132, "T": 1773507614428, "m": false}}
{"local_ts": 1773507614636, "server_ts": 1773507614428, "data": {"e": "aggTrade", "E": 1773507614433, "a": 3200287550, "s": "BTCUSDT", "p": "70631.80", "q": "0.002", "nq": "0.002", "f": 7436052133, "l": 7436052133, "T": 1773507614428, "m": false}}
{"local_ts": 1773507614636, "server_ts": 1773507614428, "data": {"e": "aggTrade", "E": 1773507614433, "a": 3200287551, "s": "BTCUSDT", "p": "70632.00", "q": "0.003", "nq": "0.003", "f": 7436052134, "l": 7436052135, "T": 1773507614428, "m": false}}
{"local_ts": 1773507614637, "server_ts": 1773507614428, "data": {"e": "aggTrade", "E": 1773507614433, "a": 3200287552, "s": "BTCUSDT", "p": "70632.10", "q": "0.002", "nq": "0.002", "f": 7436052136, "l": 7436052136, "T": 1773507614428, "m": false}}
{"local_ts": 1773507614646, "server_ts": 1773507614428, "data": {"e": "aggTrade", "E": 1773507614438, "a": 3200287553, "s": "BTCUSDT", "p": "70632.30", "q": "0.001", "nq": "0.001", "f": 7436052137, "l": 7436052137, "T": 1773507614428, "m": false}}
{"local_ts": 1773507614646, "server_ts": 1773507614433, "data": {"e": "aggTrade", "E": 1773507614438, "a": 3200287554, "s": "BTCUSDT", "p": "70632.50", "q": "0.008", "nq": "0.008", "f": 7436052138, "l": 7436052140, "T": 1773507614433, "m": false}}
{"local_ts": 1773507614647, "server_ts": 1773507614433, "data": {"e": "aggTrade", "E": 1773507614438, "a": 3200287555, "s": "BTCUSDT", "p": "70632.60", "q": "0.004", "nq": "0.004", "f": 7436052141, "l": 7436052141, "T": 1773507614433, "m": false}}
{"local_ts": 1773507614647, "server_ts": 1773507614433, "data": {"e": "aggTrade", "E": 1773507614438, "a": 3200287556, "s": "BTCUSDT", "p": "70632.70", "q": "0.003", "nq": "0.003", "f": 7436052142, "l": 7436052143, "T": 1773507614433, "m": false}}
{"local_ts": 1773507614647, "server_ts": 1773507614433, "data": {"e": "aggTrade", "E": 1773507614438, "a": 3200287557, "s": "BTCUSDT", "p": "70632.80", "q": "0.002", "nq": "0.002", "f": 7436052144, "l": 7436052144, "T": 1773507614433, "m": false}}
{"local_ts": 1773507614648, "server_ts": 1773507614433, "data": {"e": "aggTrade", "E": 1773507614438, "a": 3200287558, "s": "BTCUSDT", "p": "70633.10", "q": "0.005", "nq": "0.005", "f": 7436052145, "l": 7436052146, "T": 1773507614433, "m": false}}
{"local_ts": 1773507614648, "server_ts": 1773507614433, "data": {"e": "aggTrade", "E": 1773507614438, "a": 3200287559, "s": "BTCUSDT", "p": "70633.20", "q": "0.001", "nq": "0.001", "f": 7436052147, "l": 7436052147, "T": 1773507614433, "m": false}}
{"local_ts": 1773507614649, "server_ts": 1773507614433, "data": {"e": "aggTrade", "E": 1773507614438, "a": 3200287560, "s": "BTCUSDT", "p": "70633.30", "q": "0.002", "nq": "0.002", "f": 7436052148, "l": 7436052148, "T": 1773507614433, "m": false}}
{"local_ts": 1773507614649, "server_ts": 1773507614433, "data": {"e": "aggTrade", "E": 1773507614441, "a": 3200287561, "s": "BTCUSDT", "p": "70633.40", "q": "0.003", "nq": "0.003", "f": 7436052149, "l": 7436052150, "T": 1773507614433, "m": false}}
{"local_ts": 1773507614649, "server_ts": 1773507614436, "data": {"e": "aggTrade", "E": 1773507614441, "a": 3200287562, "s": "BTCUSDT", "p": "70633.50", "q": "0.009", "nq": "0.009", "f": 7436052151, "l": 7436052155, "T": 1773507614436, "m": false}}
{"local_ts": 1773507614650, "server_ts": 1773507614436, "data": {"e": "aggTrade", "E": 1773507614441, "a": 3200287563, "s": "BTCUSDT", "p": "70633.90", "q": "0.001", "nq": "0.001", "f": 7436052156, "l": 7436052156, "T": 1773507614436, "m": false}}
{"local_ts": 1773507614650, "server_ts": 1773507614436, "data": {"e": "aggTrade", "E": 1773507614444, "a": 3200287564, "s": "BTCUSDT", "p": "70634.00", "q": "0.003", "nq": "0.003", "f": 7436052157, "l": 7436052158, "T": 1773507614436, "m": false}}
{"local_ts": 1773507614651, "server_ts": 1773507614440, "data": {"e": "aggTrade", "E": 1773507614447, "a": 3200287565, "s": "BTCUSDT", "p": "70634.20", "q": "0.032", "nq": "0.032", "f": 7436052159, "l": 7436052161, "T": 1773507614440, "m": false}}
{"local_ts": 1773507614651, "server_ts": 1773507614443, "data": {"e": "aggTrade", "E": 1773507614447, "a": 3200287566, "s": "BTCUSDT", "p": "70634.40", "q": "0.001", "nq": "0.001", "f": 7436052162, "l": 7436052162, "T": 1773507614443, "m": false}}
{"local_ts": 1773507614652, "server_ts": 1773507614443, "data": {"e": "aggTrade", "E": 1773507614447, "a": 3200287567, "s": "BTCUSDT", "p": "70634.50", "q": "0.002", "nq": "0.002", "f": 7436052163, "l": 7436052163, "T": 1773507614443, "m": false}}
{"local_ts": 1773507614796, "server_ts": 1773507614443, "data": {"e": "aggTrade", "E": 1773507614594, "a": 3200287568, "s": "BTCUSDT", "p": "70634.60", "q": "0.001", "nq": "0.001", "f": 7436052164, "l": 7436052164, "T": 1773507614443, "m": false}}
{"local_ts": 1773507614945, "server_ts": 1773507614592, "data": {"e": "aggTrade", "E": 1773507614745, "a": 3200287569, "s": "BTCUSDT", "p": "70634.60", "q": "0.010", "nq": "0.010", "f": 7436052165, "l": 7436052165, "T": 1773507614592, "m": true}}
{"local_ts": 1773507615196, "server_ts": 1773507614843, "data": {"e": "aggTrade", "E": 1773507614997, "a": 3200287570, "s": "BTCUSDT", "p": "70634.70", "q": "0.046", "nq": "0.046", "f": 7436052166, "l": 7436052167, "T": 1773507614843, "m": false}}
{"local_ts": 1773507615472, "server_ts": 1773507615120, "data": {"e": "aggTrade", "E": 1773507615274, "a": 3200287571, "s": "BTCUSDT", "p": "70634.60", "q": "0.007", "nq": "0.007", "f": 7436052168, "l": 7436052168, "T": 1773507615120, "m": true}}
{"local_ts": 1773507615758, "server_ts": 1773507615407, "data": {"e": "aggTrade", "E": 1773507615559, "a": 3200287572, "s": "BTCUSDT", "p": "70634.70", "q": "0.002", "nq": "0.002", "f": 7436052169, "l": 7436052169, "T": 1773507615407, "m": false}}
{"local_ts": 1773507615912, "server_ts": 1773507615558, "data": {"e": "aggTrade", "E": 1773507615712, "a": 3200287573, "s": "BTCUSDT", "p": "70634.60", "q": "0.002", "nq": "0.002", "f": 7436052170, "l": 7436052170, "T": 1773507615558, "m": true}}
{"local_ts": 1773507616410, "server_ts": 1773507616157, "data": {"e": "aggTrade", "E": 1773507616210, "a": 3200287574, "s": "BTCUSDT", "p": "70634.60", "q": "0.007", "nq": "0.007", "f": 7436052171, "l": 7436052171, "T": 1773507616157, "m": true}}
{"local_ts": 1773507616489, "server_ts": 1773507616207, "data": {"e": "aggTrade", "E": 1773507616289, "a": 3200287575, "s": "BTCUSDT", "p": "70634.70", "q": "0.007", "nq": "0.007", "f": 7436052172, "l": 7436052172, "T": 1773507616207, "m": false}}
{"local_ts": 1773507616649, "server_ts": 1773507616286, "data": {"e": "aggTrade", "E": 1773507616440, "a": 3200287576, "s": "BTCUSDT", "p": "70634.60", "q": "0.005", "nq": "0.005", "f": 7436052173, "l": 7436052173, "T": 1773507616286, "m": true}}
{"local_ts": 1773507617354, "server_ts": 1773507616998, "data": {"e": "aggTrade", "E": 1773507617151, "a": 3200287577, "s": "BTCUSDT", "p": "70634.60", "q": "0.041", "nq": "0.041", "f": 7436052174, "l": 7436052174, "T": 1773507616998, "m": true}}
{"local_ts": 1773507617636, "server_ts": 1773507617282, "data": {"e": "aggTrade", "E": 1773507617436, "a": 3200287578, "s": "BTCUSDT", "p": "70634.60", "q": "0.007", "nq": "0.007", "f": 7436052175, "l": 7436052175, "T": 1773507617282, "m": true}}
{"local_ts": 1773507617918, "server_ts": 1773507617567, "data": {"e": "aggTrade", "E": 1773507617721, "a": 3200287579, "s": "BTCUSDT", "p": "70634.70", "q": "0.003", "nq": "0.003", "f": 7436052176, "l": 7436052176, "T": 1773507617567, "m": false}}
{"local_ts": 1773507618698, "server_ts": 1773507618344, "data": {"e": "aggTrade", "E": 1773507618497, "a": 3200287580, "s": "BTCUSDT", "p": "70634.60", "q": "0.007", "nq": "0.007", "f": 7436052177, "l": 7436052177, "T": 1773507618344, "m": true}}
{"local_ts": 1773507619474, "server_ts": 1773507619116, "data": {"e": "aggTrade", "E": 1773507619270, "a": 3200287581, "s": "BTCUSDT", "p": "70634.70", "q": "0.133", "nq": "0.133", "f": 7436052178, "l": 7436052182, "T": 1773507619116, "m": false}}
{"local_ts": 1773507619697, "server_ts": 1773507619343, "data": {"e": "aggTrade", "E": 1773507619497, "a": 3200287582, "s": "BTCUSDT", "p": "70634.60", "q": "0.007", "nq": "0.007", "f": 7436052183, "l": 7436052183, "T": 1773507619343, "m": true}}
{"local_ts": 1773507620332, "server_ts": 1773507619977, "data": {"e": "aggTrade", "E": 1773507620131, "a": 3200287583, "s": "BTCUSDT", "p": "70634.60", "q": "0.002", "nq": "0.002", "f": 7436052184, "l": 7436052184, "T": 1773507619977, "m": true}}
{"local_ts": 1773507620531, "server_ts": 1773507620187, "data": {"e": "aggTrade", "E": 1773507620332, "a": 3200287584, "s": "BTCUSDT", "p": "70634.60", "q": "0.011", "nq": "0.011", "f": 7436052185, "l": 7436052185, "T": 1773507620187, "m": true}}
{"local_ts": 1773507620682, "server_ts": 1773507620329, "data": {"e": "aggTrade", "E": 1773507620483, "a": 3200287585, "s": "BTCUSDT", "p": "70634.60", "q": "0.007", "nq": "0.007", "f": 7436052186, "l": 7436052186, "T": 1773507620329, "m": true}}
{"local_ts": 1773507621742, "server_ts": 1773507621389, "data": {"e": "aggTrade", "E": 1773507621543, "a": 3200287586, "s": "BTCUSDT", "p": "70634.60", "q": "1.354", "nq": "1.354", "f": 7436052187, "l": 7436052217, "T": 1773507621389, "m": true}}
{"local_ts": 1773507621946, "server_ts": 1773507621591, "data": {"e": "aggTrade", "E": 1773507621745, "a": 3200287587, "s": "BTCUSDT", "p": "70634.70", "q": "0.006", "nq": "0.006", "f": 7436052218, "l": 7436052219, "T": 1773507621591, "m": false}}
{"local_ts": 1773507622221, "server_ts": 1773507622012, "data": {"e": "aggTrade", "E": 1773507622019, "a": 3200287588, "s": "BTCUSDT", "p": "70634.60", "q": "0.039", "nq": "0.039", "f": 7436052220, "l": 7436052227, "T": 1773507622012, "m": true}}
{"local_ts": 1773507622222, "server_ts": 1773507622015, "data": {"e": "aggTrade", "E": 1773507622021, "a": 3200287589, "s": "BTCUSDT", "p": "70634.50", "q": "0.004", "nq": "0.004", "f": 7436052228, "l": 7436052229, "T": 1773507622015, "m": true}}
{"local_ts": 1773507622222, "server_ts": 1773507622018, "data": {"e": "aggTrade", "E": 1773507622021, "a": 3200287590, "s": "BTCUSDT", "p": "70634.40", "q": "0.004", "nq": "0.004", "f": 7436052230, "l": 7436052231, "T": 1773507622018, "m": true}}
{"local_ts": 1773507622222, "server_ts": 1773507622018, "data": {"e": "aggTrade", "E": 1773507622021, "a": 3200287591, "s": "BTCUSDT", "p": "70634.10", "q": "0.011", "nq": "0.011", "f": 7436052232, "l": 7436052233, "T": 1773507622018, "m": true}}
{"local_ts": 1773507622223, "server_ts": 1773507622018, "data": {"e": "aggTrade", "E": 1773507622021, "a": 3200287592, "s": "BTCUSDT", "p": "70633.90", "q": "0.004", "nq": "0.004", "f": 7436052234, "l": 7436052235, "T": 1773507622018, "m": true}}
{"local_ts": 1773507622223, "server_ts": 1773507622018, "data": {"e": "aggTrade", "E": 1773507622022, "a": 3200287593, "s": "BTCUSDT", "p": "70633.70", "q": "0.001", "nq": "0.001", "f": 7436052236, "l": 7436052236, "T": 1773507622018, "m": true}}
{"local_ts": 1773507622223, "server_ts": 1773507622018, "data": {"e": "aggTrade", "E": 1773507622022, "a": 3200287594, "s": "BTCUSDT", "p": "70633.60", "q": "0.002", "nq": "0.002", "f": 7436052237, "l": 7436052237, "T": 1773507622018, "m": true}}
{"local_ts": 1773507622225, "server_ts": 1773507622018, "data": {"e": "aggTrade", "E": 1773507622025, "a": 3200287595, "s": "BTCUSDT", "p": "70633.50", "q": "0.002", "nq": "0.002", "f": 7436052238, "l": 7436052238, "T": 1773507622018, "m": true}}
{"local_ts": 1773507622225, "server_ts": 1773507622021, "data": {"e": "aggTrade", "E": 1773507622025, "a": 3200287596, "s": "BTCUSDT", "p": "70633.20", "q": "0.008", "nq": "0.008", "f": 7436052239, "l": 7436052242, "T": 1773507622021, "m": true}}
{"local_ts": 1773507622226, "server_ts": 1773507622021, "data": {"e": "aggTrade", "E": 1773507622027, "a": 3200287597, "s": "BTCUSDT", "p": "70632.90", "q": "0.004", "nq": "0.004", "f": 7436052243, "l": 7436052244, "T": 1773507622021, "m": true}}
{"local_ts": 1773507622227, "server_ts": 1773507622023, "data": {"e": "aggTrade", "E": 1773507622029, "a": 3200287598, "s": "BTCUSDT", "p": "70633.00", "q": "0.003", "nq": "0.003", "f": 7436052245, "l": 7436052245, "T": 1773507622023, "m": false}}
{"local_ts": 1773507622234, "server_ts": 1773507622024, "data": {"e": "aggTrade", "E": 1773507622031, "a": 3200287599, "s": "BTCUSDT", "p": "70632.80", "q": "0.026", "nq": "0.026", "f": 7436052246, "l": 7436052247, "T": 1773507622024, "m": true}}
{"local_ts": 1773507622381, "server_ts": 1773507622028, "data": {"e": "aggTrade", "E": 1773507622182, "a": 3200287600, "s": "BTCUSDT", "p": "70632.70", "q": "0.014", "nq": "0.014", "f": 7436052248, "l": 7436052249, "T": 1773507622028, "m": true}}
{"local_ts": 1773507622740, "server_ts": 1773507622381, "data": {"e": "aggTrade", "E": 1773507622534, "a": 3200287601, "s": "BTCUSDT", "p": "70632.70", "q": "0.007", "nq": "0.007", "f": 7436052250, "l": 7436052250, "T": 1773507622381, "m": true}}
{"local_ts": 1773507623583, "server_ts": 1773507623259, "data": {"e": "aggTrade", "E": 1773507623383, "a": 3200287602, "s": "BTCUSDT", "p": "70632.80", "q": "0.010", "nq": "0.010", "f": 7436052251, "l": 7436052251, "T": 1773507623259, "m": false}}
{"local_ts": 1773507623733, "server_ts": 1773507623381, "data": {"e": "aggTrade", "E": 1773507623534, "a": 3200287603, "s": "BTCUSDT", "p": "70632.70", "q": "0.007", "nq": "0.007", "f": 7436052252, "l": 7436052254, "T": 1773507623381, "m": true}}
{"local_ts": 1773507623915, "server_ts": 1773507623647, "data": {"e": "aggTrade", "E": 1773507623713, "a": 3200287604, "s": "BTCUSDT", "p": "70632.80", "q": "0.002", "nq": "0.002", "f": 7436052255, "l": 7436052255, "T": 1773507623647, "m": false}}
{"local_ts": 1773507623916, "server_ts": 1773507623708, "data": {"e": "aggTrade", "E": 1773507623713, "a": 3200287605, "s": "BTCUSDT", "p": "70632.70", "q": "0.106", "nq": "0.106", "f": 7436052256, "l": 7436052266, "T": 1773507623708, "m": true}}
{"local_ts": 1773507623916, "server_ts": 1773507623708, "data": {"e": "aggTrade", "E": 1773507623713, "a": 3200287606, "s": "BTCUSDT", "p": "70632.60", "q": "0.015", "nq": "0.015", "f": 7436052267, "l": 7436052269, "T": 1773507623708, "m": true}}
{"local_ts": 1773507623916, "server_ts": 1773507623708, "data": {"e": "aggTrade", "E": 1773507623713, "a": 3200287607, "s": "BTCUSDT", "p": "70632.50", "q": "0.008", "nq": "0.008", "f": 7436052270, "l": 7436052273, "T": 1773507623708, "m": true}}
{"local_ts": 1773507623917, "server_ts": 1773507623708, "data": {"e": "aggTrade", "E": 1773507623713, "a": 3200287608, "s": "BTCUSDT", "p": "70632.40", "q": "0.002", "nq": "0.002", "f": 7436052274, "l": 7436052274, "T": 1773507623708, "m": true}}
{"local_ts": 1773507623917, "server_ts": 1773507623708, "data": {"e": "aggTrade", "E": 1773507623713, "a": 3200287609, "s": "BTCUSDT", "p": "70631.60", "q": "0.001", "nq": "0.001", "f": 7436052275, "l": 7436052275, "T": 1773507623708, "m": true}}
{"local_ts": 1773507623918, "server_ts": 1773507623708, "data": {"e": "aggTrade", "E": 1773507623713, "a": 3200287610, "s": "BTCUSDT", "p": "70631.40", "q": "0.002", "nq": "0.002", "f": 7436052276, "l": 7436052276, "T": 1773507623708, "m": true}}
{"local_ts": 1773507623928, "server_ts": 1773507623708, "data": {"e": "aggTrade", "E": 1773507623725, "a": 3200287611, "s": "BTCUSDT", "p": "70631.30", "q": "0.022", "nq": "0.022", "f": 7436052277, "l": 7436052279, "T": 1773507623708, "m": true}}
{"local_ts": 1773507623930, "server_ts": 1773507623719, "data": {"e": "aggTrade", "E": 1773507623733, "a": 3200287612, "s": "BTCUSDT", "p": "70630.70", "q": "0.097", "nq": "0.097", "f": 7436052280, "l": 7436052282, "T": 1773507623719, "m": true}}
{"local_ts": 1773507624083, "server_ts": 1773507623728, "data": {"e": "aggTrade", "E": 1773507623884, "a": 3200287613, "s": "BTCUSDT", "p": "70630.70", "q": "0.077", "nq": "0.077", "f": 7436052283, "l": 7436052283, "T": 1773507623728, "m": false}}
{"local_ts": 1773507624624, "server_ts": 1773507624333, "data": {"e": "aggTrade", "E": 1773507624425, "a": 3200287614, "s": "BTCUSDT", "p": "70630.70", "q": "0.003", "nq": "0.003", "f": 7436052284, "l": 7436052284, "T": 1773507624333, "m": false}}
{"local_ts": 1773507624778, "server_ts": 1773507624422, "data": {"e": "aggTrade", "E": 1773507624576, "a": 3200287615, "s": "BTCUSDT", "p": "70630.60", "q": "0.008", "nq": "0.008", "f": 7436052285, "l": 7436052285, "T": 1773507624422, "m": true}}
{"local_ts": 1773507624965, "server_ts": 1773507624705, "data": {"e": "aggTrade", "E": 1773507624764, "a": 3200287616, "s": "BTCUSDT", "p": "70630.60", "q": "0.004", "nq": "0.004", "f": 7436052286, "l": 7436052286, "T": 1773507624705, "m": true}}
{"local_ts": 1773507625114, "server_ts": 1773507624761, "data": {"e": "aggTrade", "E": 1773507624915, "a": 3200287617, "s": "BTCUSDT", "p": "70630.70", "q": "0.002", "nq": "0.002", "f": 7436052287, "l": 7436052287, "T": 1773507624761, "m": false}}
{"local_ts": 1773507625662, "server_ts": 1773507625388, "data": {"e": "aggTrade", "E": 1773507625461, "a": 3200287618, "s": "BTCUSDT", "p": "70630.60", "q": "0.008", "nq": "0.008", "f": 7436052288, "l": 7436052288, "T": 1773507625388, "m": true}}
{"local_ts": 1773507625812, "server_ts": 1773507625460, "data": {"e": "aggTrade", "E": 1773507625612, "a": 3200287619, "s": "BTCUSDT", "p": "70630.70", "q": "0.005", "nq": "0.005", "f": 7436052289, "l": 7436052289, "T": 1773507625460, "m": false}}
{"local_ts": 1773507626302, "server_ts": 1773507625949, "data": {"e": "aggTrade", "E": 1773507626103, "a": 3200287620, "s": "BTCUSDT", "p": "70630.60", "q": "0.014", "nq": "0.014", "f": 7436052290, "l": 7436052292, "T": 1773507625949, "m": true}}
{"local_ts": 1773507626556, "server_ts": 1773507626217, "data": {"e": "aggTrade", "E": 1773507626351, "a": 3200287621, "s": "BTCUSDT", "p": "70630.70", "q": "0.002", "nq": "0.002", "f": 7436052293, "l": 7436052293, "T": 1773507626217, "m": false}}
{"local_ts": 1773507626701, "server_ts": 1773507626349, "data": {"e": "aggTrade", "E": 1773507626502, "a": 3200287622, "s": "BTCUSDT", "p": "70630.60", "q": "0.008", "nq": "0.008", "f": 7436052294, "l": 7436052295, "T": 1773507626349, "m": true}}
{"local_ts": 1773507627101, "server_ts": 1773507626747, "data": {"e": "aggTrade", "E": 1773507626901, "a": 3200287623, "s": "BTCUSDT", "p": "70630.70", "q": "0.002", "nq": "0.002", "f": 7436052296, "l": 7436052296, "T": 1773507626747, "m": false}}
{"local_ts": 1773507627503, "server_ts": 1773507627148, "data": {"e": "aggTrade", "E": 1773507627302, "a": 3200287624, "s": "BTCUSDT", "p": "70630.70", "q": "0.002", "nq": "0.002", "f": 7436052297, "l": 7436052297, "T": 1773507627148, "m": false}}
{"local_ts": 1773507627710, "server_ts": 1773507627356, "data": {"e": "aggTrade", "E": 1773507627510, "a": 3200287625, "s": "BTCUSDT", "p": "70630.60", "q": "0.008", "nq": "0.008", "f": 7436052298, "l": 7436052298, "T": 1773507627356, "m": true}}
{"local_ts": 1773507628224, "server_ts": 1773507627871, "data": {"e": "aggTrade", "E": 1773507628025, "a": 3200287626, "s": "BTCUSDT", "p": "70630.70", "q": "0.032", "nq": "0.032", "f": 7436052299, "l": 7436052299, "T": 1773507627871, "m": false}}
{"local_ts": 1773507628543, "server_ts": 1773507628190, "data": {"e": "aggTrade", "E": 1773507628343, "a": 3200287627, "s": "BTCUSDT", "p": "70630.70", "q": "0.002", "nq": "0.002", "f": 7436052300, "l": 7436052300, "T": 1773507628190, "m": false}}
{"local_ts": 1773507628590, "server_ts": 1773507628342, "data": {"e": "aggTrade", "E": 1773507628388, "a": 3200287628, "s": "BTCUSDT", "p": "70630.70", "q": "0.002", "nq": "0.002", "f": 7436052301, "l": 7436052301, "T": 1773507628342, "m": false}}
{"local_ts": 1773507628735, "server_ts": 1773507628387, "data": {"e": "aggTrade", "E": 1773507628537, "a": 3200287629, "s": "BTCUSDT", "p": "70630.60", "q": "0.011", "nq": "0.011", "f": 7436052302, "l": 7436052303, "T": 1773507628387, "m": true}}
{"local_ts": 1773507628743, "server_ts": 1773507628533, "data": {"e": "aggTrade", "E": 1773507628543, "a": 3200287630, "s": "BTCUSDT", "p": "70630.60", "q": "0.003", "nq": "0.003", "f": 7436052304, "l": 7436052304, "T": 1773507628533, "m": true}}
{"local_ts": 1773507628901, "server_ts": 1773507628541, "data": {"e": "aggTrade", "E": 1773507628694, "a": 3200287631, "s": "BTCUSDT", "p": "70630.70", "q": "0.022", "nq": "0.022", "f": 7436052305, "l": 7436052305, "T": 1773507628541, "m": false}}
{"local_ts": 1773507629780, "server_ts": 1773507629431, "data": {"e": "aggTrade", "E": 1773507629579, "a": 3200287632, "s": "BTCUSDT", "p": "70630.60", "q": "0.007", "nq": "0.007", "f": 7436052306, "l": 7436052306, "T": 1773507629431, "m": true}}
{"local_ts": 1773507629936, "server_ts": 1773507629578, "data": {"e": "aggTrade", "E": 1773507629730, "a": 3200287633, "s": "BTCUSDT", "p": "70630.60", "q": "0.002", "nq": "0.002", "f": 7436052307, "l": 7436052307, "T": 1773507629578, "m": true}}
{"local_ts": 1773507630300, "server_ts": 1773507629949, "data": {"e": "aggTrade", "E": 1773507630101, "a": 3200287634, "s": "BTCUSDT", "p": "70630.60", "q": "0.002", "nq": "0.002", "f": 7436052308, "l": 7436052308, "T": 1773507629949, "m": true}}
{"local_ts": 1773507630780, "server_ts": 1773507630451, "data": {"e": "aggTrade", "E": 1773507630580, "a": 3200287635, "s": "BTCUSDT", "p": "70630.60", "q": "0.007", "nq": "0.007", "f": 7436052309, "l": 7436052309, "T": 1773507630451, "m": true}}
{"local_ts": 1773507630931, "server_ts": 1773507630578, "data": {"e": "aggTrade", "E": 1773507630731, "a": 3200287636, "s": "BTCUSDT", "p": "70630.60", "q": "0.013", "nq": "0.013", "f": 7436052310, "l": 7436052311, "T": 1773507630578, "m": true}}
{"local_ts": 1773507631878, "server_ts": 1773507631526, "data": {"e": "aggTrade", "E": 1773507631678, "a": 3200287637, "s": "BTCUSDT", "p": "70630.60", "q": "0.007", "nq": "0.007", "f": 7436052312, "l": 7436052312, "T": 1773507631526, "m": true}}
{"local_ts": 1773507632801, "server_ts": 1773507632455, "data": {"e": "aggTrade", "E": 1773507632601, "a": 3200287638, "s": "BTCUSDT", "p": "70630.60", "q": "0.009", "nq": "0.009", "f": 7436052313, "l": 7436052314, "T": 1773507632455, "m": true}}
{"local_ts": 1773507632952, "server_ts": 1773507632600, "data": {"e": "aggTrade", "E": 1773507632752, "a": 3200287639, "s": "BTCUSDT", "p": "70630.60", "q": "0.006", "nq": "0.006", "f": 7436052315, "l": 7436052315, "T": 1773507632600, "m": true}}
{"local_ts": 1773507633516, "server_ts": 1773507633158, "data": {"e": "aggTrade", "E": 1773507633312, "a": 3200287640, "s": "BTCUSDT", "p": "70630.70", "q": "0.002", "nq": "0.002", "f": 7436052316, "l": 7436052316, "T": 1773507633158, "m": false}}
{"local_ts": 1773507633621, "server_ts": 1773507633405, "data": {"e": "aggTrade", "E": 1773507633421, "a": 3200287641, "s": "BTCUSDT", "p": "70630.60", "q": "0.007", "nq": "0.007", "f": 7436052317, "l": 7436052317, "T": 1773507633405, "m": true}}
{"local_ts": 1773507633771, "server_ts": 1773507633419, "data": {"e": "aggTrade", "E": 1773507633572, "a": 3200287642, "s": "BTCUSDT", "p": "70630.70", "q": "0.002", "nq": "0.002", "f": 7436052318, "l": 7436052318, "T": 1773507633419, "m": false}}
{"local_ts": 1773507634599, "server_ts": 1773507634273, "data": {"e": "aggTrade", "E": 1773507634396, "a": 3200287643, "s": "BTCUSDT", "p": "70630.60", "q": "0.232", "nq": "0.232", "f": 7436052319, "l": 7436052329, "T": 1773507634273, "m": true}}
{"local_ts": 1773507634748, "server_ts": 1773507634394, "data": {"e": "aggTrade", "E": 1773507634547, "a": 3200287644, "s": "BTCUSDT", "p": "70630.60", "q": "0.007", "nq": "0.007", "f": 7436052330, "l": 7436052330, "T": 1773507634394, "m": true}}
{"local_ts": 1773507635068, "server_ts": 1773507634709, "data": {"e": "aggTrade", "E": 1773507634863, "a": 3200287645, "s": "BTCUSDT", "p": "70630.60", "q": "0.002", "nq": "0.002", "f": 7436052331, "l": 7436052331, "T": 1773507634709, "m": true}}
{"local_ts": 1773507635738, "server_ts": 1773507635386, "data": {"e": "aggTrade", "E": 1773507635538, "a": 3200287646, "s": "BTCUSDT", "p": "70630.60", "q": "0.007", "nq": "0.007", "f": 7436052332, "l": 7436052332, "T": 1773507635386, "m": true}}
{"local_ts": 1773507635937, "server_ts": 1773507635619, "data": {"e": "aggTrade", "E": 1773507635735, "a": 3200287647, "s": "BTCUSDT", "p": "70630.60", "q": "0.042", "nq": "0.042", "f": 7436052333, "l": 7436052333, "T": 1773507635619, "m": true}}
{"local_ts": 1773507636081, "server_ts": 1773507635732, "data": {"e": "aggTrade", "E": 1773507635880, "a": 3200287648, "s": "BTCUSDT", "p": "70630.70", "q": "0.033", "nq": "0.033", "f": 7436052334, "l": 7436052335, "T": 1773507635732, "m": false}}
{"local_ts": 1773507636233, "server_ts": 1773507635877, "data": {"e": "aggTrade", "E": 1773507636031, "a": 3200287649, "s": "BTCUSDT", "p": "70630.70", "q": "0.005", "nq": "0.005", "f": 7436052336, "l": 7436052337, "T": 1773507635877, "m": false}}
{"local_ts": 1773507636667, "server_ts": 1773507636313, "data": {"e": "aggTrade", "E": 1773507636466, "a": 3200287650, "s": "BTCUSDT", "p": "70630.60", "q": "0.007", "nq": "0.007", "f": 7436052338, "l": 7436052338, "T": 1773507636313, "m": true}}
{"local_ts": 1773507637638, "server_ts": 1773507637282, "data": {"e": "aggTrade", "E": 1773507637436, "a": 3200287651, "s": "BTCUSDT", "p": "70630.60", "q": "0.007", "nq": "0.007", "f": 7436052339, "l": 7436052339, "T": 1773507637282, "m": true}}
{"local_ts": 1773507638519, "server_ts": 1773507638276, "data": {"e": "aggTrade", "E": 1773507638319, "a": 3200287652, "s": "BTCUSDT", "p": "70630.60", "q": "0.007", "nq": "0.007", "f": 7436052340, "l": 7436052340, "T": 1773507638276, "m": true}}
{"local_ts": 1773507638670, "server_ts": 1773507638317, "data": {"e": "aggTrade", "E": 1773507638470, "a": 3200287653, "s": "BTCUSDT", "p": "70630.70", "q": "0.400", "nq": "0.400", "f": 7436052341, "l": 7436052341, "T": 1773507638317, "m": false}}
{"local_ts": 1773507639608, "server_ts": 1773507639218, "data": {"e": "aggTrade", "E": 1773507639371, "a": 3200287654, "s": "BTCUSDT", "p": "70630.60", "q": "0.007", "nq": "0.007", "f": 7436052342, "l": 7436052342, "T": 1773507639218, "m": true}}
{"local_ts": 1773507640278, "server_ts": 1773507639918, "data": {"e": "aggTrade", "E": 1773507640071, "a": 3200287655, "s": "BTCUSDT", "p": "70630.70", "q": "0.211", "nq": "0.211", "f": 7436052343, "l": 7436052344, "T": 1773507639918, "m": false}}
{"local_ts": 1773507640622, "server_ts": 1773507640270, "data": {"e": "aggTrade", "E": 1773507640423, "a": 3200287656, "s": "BTCUSDT", "p": "70630.60", "q": "0.007", "nq": "0.007", "f": 7436052345, "l": 7436052345, "T": 1773507640270, "m": true}}
{"local_ts": 1773507640949, "server_ts": 1773507640593, "data": {"e": "aggTrade", "E": 1773507640746, "a": 3200287657, "s": "BTCUSDT", "p": "70630.70", "q": "0.003", "nq": "0.003", "f": 7436052346, "l": 7436052346, "T": 1773507640593, "m": false}}
{"local_ts": 1773507641585, "server_ts": 1773507641232, "data": {"e": "aggTrade", "E": 1773507641384, "a": 3200287658, "s": "BTCUSDT", "p": "70630.60", "q": "0.007", "nq": "0.007", "f": 7436052347, "l": 7436052347, "T": 1773507641232, "m": true}}
{"local_ts": 1773507641819, "server_ts": 1773507641475, "data": {"e": "aggTrade", "E": 1773507641618, "a": 3200287659, "s": "BTCUSDT", "p": "70630.60", "q": "0.114", "nq": "0.114", "f": 7436052348, "l": 7436052348, "T": 1773507641475, "m": true}}
{"local_ts": 1773507641968, "server_ts": 1773507641617, "data": {"e": "aggTrade", "E": 1773507641769, "a": 3200287660, "s": "BTCUSDT", "p": "70630.60", "q": "0.100", "nq": "0.100", "f": 7436052349, "l": 7436052349, "T": 1773507641617, "m": true}}
{"local_ts": 1773507642177, "server_ts": 1773507641822, "data": {"e": "aggTrade", "E": 1773507641975, "a": 3200287661, "s": "BTCUSDT", "p": "70630.70", "q": "0.004", "nq": "0.004", "f": 7436052350, "l": 7436052350, "T": 1773507641822, "m": false}}
{"local_ts": 1773507642503, "server_ts": 1773507642172, "data": {"e": "aggTrade", "E": 1773507642303, "a": 3200287662, "s": "BTCUSDT", "p": "70630.60", "q": "0.007", "nq": "0.007", "f": 7436052351, "l": 7436052351, "T": 1773507642172, "m": true}}
{"local_ts": 1773507642656, "server_ts": 1773507642300, "data": {"e": "aggTrade", "E": 1773507642454, "a": 3200287663, "s": "BTCUSDT", "p": "70630.70", "q": "0.025", "nq": "0.025", "f": 7436052352, "l": 7436052352, "T": 1773507642300, "m": false}}
{"local_ts": 1773507642844, "server_ts": 1773507642491, "data": {"e": "aggTrade", "E": 1773507642644, "a": 3200287664, "s": "BTCUSDT", "p": "70630.60", "q": "0.043", "nq": "0.043", "f": 7436052353, "l": 7436052353, "T": 1773507642491, "m": true}}
{"local_ts": 1773507643429, "server_ts": 1773507643122, "data": {"e": "aggTrade", "E": 1773507643227, "a": 3200287665, "s": "BTCUSDT", "p": "70630.60", "q": "0.008", "nq": "0.008", "f": 7436052354, "l": 7436052354, "T": 1773507643122, "m": true}}
{"local_ts": 1773507643430, "server_ts": 1773507643221, "data": {"e": "aggTrade", "E": 1773507643227, "a": 3200287666, "s": "BTCUSDT", "p": "70630.70", "q": "0.897", "nq": "0.897", "f": 7436052355, "l": 7436052388, "T": 1773507643221, "m": false}}
