{"local_ts": 1773511200485, "server_ts": 1773511200259, "data": {"e": "aggTrade", "E": 1773511200313, "a": 3200304030, "s": "BTCUSDT", "p": "70586.20", "q": "0.003", "nq": "0.003", "f": 7436089976, "l": 7436089976, "T": 1773511200259, "m": false}}
{"local_ts": 1773511200641, "server_ts": 1773511200310, "data": {"e": "aggTrade", "E": 1773511200465, "a": 3200304031, "s": "BTCUSDT", "p": "70586.10", "q": "0.034", "nq": "0.034", "f": 7436089977, "l": 7436089977, "T": 1773511200310, "m": true}}
{"local_ts": 1773511200692, "server_ts": 1773511200468, "data": {"e": "aggTrade", "E": 1773511200520, "a": 3200304032, "s": "BTCUSDT", "p": "70586.20", "q": "0.010", "nq": "0.010", "f": 7436089978, "l": 7436089978, "T": 1773511200468, "m": false}}
{"local_ts": 1773511200843, "server_ts": 1773511200518, "data": {"e": "aggTrade", "E": 1773511200671, "a": 3200304033, "s": "BTCUSDT", "p": "70586.10", "q": "0.013", "nq": "0.013", "f": 7436089979, "l": 7436089979, "T": 1773511200518, "m": true}}
{"local_ts": 1773511200994, "server_ts": 1773511200669, "data": {"e": "aggTrade", "E": 1773511200822, "a": 3200304034, "s": "BTCUSDT", "p": "70586.10", "q": "0.039", "nq": "0.039", "f": 7436089980, "l": 7436089982, "T": 1773511200669, "m": true}}
{"local_ts": 1773511201214, "server_ts": 1773511201034, "data": {"e": "aggTrade", "E": 1773511201041, "a": 3200304035, "s": "BTCUSDT", "p": "70586.10", "q": "0.226", "nq": "0.226", "f": 7436089983, "l": 7436090009, "T": 1773511201034, "m": true}}
{"local_ts": 1773511201215, "server_ts": 1773511201034, "data": {"e": "aggTrade", "E": 1773511201041, "a": 3200304036, "s": "BTCUSDT", "p": "70586.00", "q": "0.014", "nq": "0.014", "f": 7436090010, "l": 7436090012, "T": 1773511201034, "m": true}}
{"local_ts": 1773511201215, "server_ts": 1773511201034, "data": {"e": "aggTrade", "E": 1773511201041, "a": 3200304037, "s": "BTCUSDT", "p": "70585.60", "q": "0.082", "nq": "0.082", "f": 7436090013, "l": 7436090014, "T": 1773511201034, "m": true}}
{"local_ts": 1773511201216, "server_ts": 1773511201035, "data": {"e": "aggTrade", "E": 1773511201041, "a": 3200304038, "s": "BTCUSDT", "p": "70585.30", "q": "0.002", "nq": "0.002", "f": 7436090015, "l": 7436090015, "T": 1773511201035, "m": true}}
{"local_ts": 1773511201216, "server_ts": 1773511201035, "data": {"e": "aggTrade", "E": 1773511201041, "a": 3200304039, "s": "BTCUSDT", "p": "70585.00", "q": "0.158", "nq": "0.158", "f": 7436090016, "l": 7436090016, "T": 1773511201035, "m": true}}
{"local_ts": 1773511201216, "server_ts": 1773511201035, "data": {"e": "aggTrade", "E": 1773511201041, "a": 3200304040, "s": "BTCUSDT", "p": "70584.80", "q": "0.080", "nq": "0.080", "f": 7436090017, "l": 7436090017, "T": 1773511201035, "m": true}}
{"local_ts": 1773511201217, "server_ts": 1773511201035, "data": {"e": "aggTrade", "E": 1773511201041, "a": 3200304041, "s": "BTCUSDT", "p": "70584.70", "q": "0.004", "nq": "0.004", "f": 7436090018, "l": 7436090019, "T": 1773511201035, "m": true}}
{"local_ts": 1773511201219, "server_ts": 1773511201035, "data": {"e": "aggTrade", "E": 1773511201045, "a": 3200304042, "s": "BTCUSDT", "p": "70584.60", "q": "0.002", "nq": "0.002", "f": 7436090020, "l": 7436090020, "T": 1773511201035, "m": true}}
{"local_ts": 1773511201220, "server_ts": 1773511201038, "data": {"e": "aggTrade", "E": 1773511201045, "a": 3200304043, "s": "BTCUSDT", "p": "70584.50", "q": "0.002", "nq": "0.002", "f": 7436090021, "l": 7436090021, "T": 1773511201038, "m": true}}
{"local_ts": 1773511201220, "server_ts": 1773511201038, "data": {"e": "aggTrade", "E": 1773511201045, "a": 3200304044, "s": "BTCUSDT", "p": "70584.40", "q": "0.001", "nq": "0.001", "f": 7436090022, "l": 7436090022, "T": 1773511201038, "m": true}}
{"local_ts": 1773511201220, "server_ts": 1773511201038, "data": {"e": "aggTrade", "E": 1773511201045, "a": 3200304045, "s": "BTCUSDT", "p": "70584.10", "q": "0.003", "nq": "0.003", "f": 7436090023, "l": 7436090023, "T": 1773511201038, "m": true}}
{"local_ts": 1773511201221, "server_ts": 1773511201038, "data": {"e": "aggTrade", "E": 1773511201046, "a": 3200304046, "s": "BTCUSDT", "p": "70583.80", "q": "0.002", "nq": "0.002", "f": 7436090024, "l": 7436090024, "T": 1773511201038, "m": true}}
{"local_ts": 1773511201221, "server_ts": 1773511201040, "data": {"e": "aggTrade", "E": 1773511201046, "a": 3200304047, "s": "BTCUSDT", "p": "70583.70", "q": "0.001", "nq": "0.001", "f": 7436090025, "l": 7436090025, "T": 1773511201040, "m": true}}
{"local_ts": 1773511201222, "server_ts": 1773511201040, "data": {"e": "aggTrade", "E": 1773511201046, "a": 3200304048, "s": "BTCUSDT", "p": "70583.60", "q": "0.002", "nq": "0.002", "f": 7436090026, "l": 7436090026, "T": 1773511201040, "m": true}}
{"local_ts": 1773511201234, "server_ts": 1773511201040, "data": {"e": "aggTrade", "E": 1773511201062, "a": 3200304049, "s": "BTCUSDT", "p": "70583.50", "q": "0.005", "nq": "0.005", "f": 7436090027, "l": 7436090028, "T": 1773511201040, "m": true}}
{"local_ts": 1773511201251, "server_ts": 1773511201055, "data": {"e": "aggTrade", "E": 1773511201077, "a": 3200304050, "s": "BTCUSDT", "p": "70583.20", "q": "0.063", "nq": "0.063", "f": 7436090029, "l": 7436090031, "T": 1773511201055, "m": true}}
{"local_ts": 1773511201252, "server_ts": 1773511201072, "data": {"e": "aggTrade", "E": 1773511201077, "a": 3200304051, "s": "BTCUSDT", "p": "70582.90", "q": "0.002", "nq": "0.002", "f": 7436090032, "l": 7436090032, "T": 1773511201072, "m": true}}
{"local_ts": 1773511201253, "server_ts": 1773511201072, "data": {"e": "aggTrade", "E": 1773511201077, "a": 3200304052, "s": "BTCUSDT", "p": "70582.80", "q": "0.001", "nq": "0.001", "f": 7436090033, "l": 7436090033, "T": 1773511201072, "m": true}}
{"local_ts": 1773511201253, "server_ts": 1773511201072, "data": {"e": "aggTrade", "E": 1773511201077, "a": 3200304053, "s": "BTCUSDT", "p": "70582.60", "q": "0.002", "nq": "0.002", "f": 7436090034, "l": 7436090034, "T": 1773511201072, "m": true}}
{"local_ts": 1773511201254, "server_ts": 1773511201072, "data": {"e": "aggTrade", "E": 1773511201077, "a": 3200304054, "s": "BTCUSDT", "p": "70582.50", "q": "0.004", "nq": "0.004", "f": 7436090035, "l": 7436090036, "T": 1773511201072, "m": true}}
{"local_ts": 1773511201254, "server_ts": 1773511201072, "data": {"e": "aggTrade", "E": 1773511201077, "a": 3200304055, "s": "BTCUSDT", "p": "70582.40", "q": "0.001", "nq": "0.001", "f": 7436090037, "l": 7436090037, "T": 1773511201072, "m": true}}
{"local_ts": 1773511201254, "server_ts": 1773511201072, "data": {"e": "aggTrade", "E": 1773511201077, "a": 3200304056, "s": "BTCUSDT", "p": "70582.30", "q": "0.003", "nq": "0.003", "f": 7436090038, "l": 7436090038, "T": 1773511201072, "m": true}}
{"local_ts": 1773511201255, "server_ts": 1773511201072, "data": {"e": "aggTrade", "E": 1773511201077, "a": 3200304057, "s": "BTCUSDT", "p": "70582.20", "q": "0.002", "nq": "0.002", "f": 7436090039, "l": 7436090039, "T": 1773511201072, "m": true}}
{"local_ts": 1773511201255, "server_ts": 1773511201072, "data": {"e": "aggTrade", "E": 1773511201077, "a": 3200304058, "s": "BTCUSDT", "p": "70582.10", "q": "0.001", "nq": "0.001", "f": 7436090040, "l": 7436090040, "T": 1773511201072, "m": true}}
{"local_ts": 1773511201255, "server_ts": 1773511201072, "data": {"e": "aggTrade", "E": 1773511201077, "a": 3200304059, "s": "BTCUSDT", "p": "70581.80", "q": "0.002", "nq": "0.002", "f": 7436090041, "l": 7436090041, "T": 1773511201072, "m": true}}
{"local_ts": 1773511201256, "server_ts": 1773511201072, "data": {"e": "aggTrade", "E": 1773511201077, "a": 3200304060, "s": "BTCUSDT", "p": "70581.70", "q": "0.001", "nq": "0.001", "f": 7436090042, "l": 7436090042, "T": 1773511201072, "m": true}}
{"local_ts": 1773511201256, "server_ts": 1773511201072, "data": {"e": "aggTrade", "E": 1773511201077, "a": 3200304061, "s": "BTCUSDT", "p": "70581.60", "q": "0.005", "nq": "0.005", "f": 7436090043, "l": 7436090044, "T": 1773511201072, "m": true}}
{"local_ts": 1773511201257, "server_ts": 1773511201072, "data": {"e": "aggTrade", "E": 1773511201077, "a": 3200304062, "s": "BTCUSDT", "p": "70581.50", "q": "0.004", "nq": "0.004", "f": 7436090045, "l": 7436090046, "T": 1773511201072, "m": true}}
{"local_ts": 1773511201258, "server_ts": 1773511201072, "data": {"e": "aggTrade", "E": 1773511201088, "a": 3200304063, "s": "BTCUSDT", "p": "70581.40", "q": "0.001", "nq": "0.001", "f": 7436090047, "l": 7436090047, "T": 1773511201072, "m": true}}
{"local_ts": 1773511201262, "server_ts": 1773511201083, "data": {"e": "aggTrade", "E": 1773511201088, "a": 3200304064, "s": "BTCUSDT", "p": "70581.10", "q": "0.003", "nq": "0.003", "f": 7436090048, "l": 7436090048, "T": 1773511201083, "m": true}}
{"local_ts": 1773511201262, "server_ts": 1773511201083, "data": {"e": "aggTrade", "E": 1773511201088, "a": 3200304065, "s": "BTCUSDT", "p": "70581.00", "q": "0.003", "nq": "0.003", "f": 7436090049, "l": 7436090050, "T": 1773511201083, "m": true}}
{"local_ts": 1773511201277, "server_ts": 1773511201083, "data": {"e": "aggTrade", "E": 1773511201098, "a": 3200304066, "s": "BTCUSDT", "p": "70580.80", "q": "0.002", "nq": "0.002", "f": 7436090051, "l": 7436090051, "T": 1773511201083, "m": true}}
{"local_ts": 1773511201278, "server_ts": 1773511201092, "data": {"e": "aggTrade", "E": 1773511201098, "a": 3200304067, "s": "BTCUSDT", "p": "70580.70", "q": "0.003", "nq": "0.003", "f": 7436090052, "l": 7436090053, "T": 1773511201092, "m": true}}
{"local_ts": 1773511201278, "server_ts": 1773511201092, "data": {"e": "aggTrade", "E": 1773511201098, "a": 3200304068, "s": "BTCUSDT", "p": "70580.40", "q": "0.002", "nq": "0.002", "f": 7436090054, "l": 7436090054, "T": 1773511201092, "m": true}}
{"local_ts": 1773511201278, "server_ts": 1773511201092, "data": {"e": "aggTrade", "E": 1773511201098, "a": 3200304069, "s": "BTCUSDT", "p": "70580.30", "q": "0.001", "nq": "0.001", "f": 7436090055, "l": 7436090055, "T": 1773511201092, "m": true}}
{"local_ts": 1773511201290, "server_ts": 1773511201092, "data": {"e": "aggTrade", "E": 1773511201117, "a": 3200304070, "s": "BTCUSDT", "p": "70580.10", "q": "0.002", "nq": "0.002", "f": 7436090056, "l": 7436090056, "T": 1773511201092, "m": true}}
{"local_ts": 1773511201291, "server_ts": 1773511201107, "data": {"e": "aggTrade", "E": 1773511201117, "a": 3200304071, "s": "BTCUSDT", "p": "70580.00", "q": "0.091", "nq": "0.091", "f": 7436090057, "l": 7436090060, "T": 1773511201107, "m": true}}
{"local_ts": 1773511201292, "server_ts": 1773511201107, "data": {"e": "aggTrade", "E": 1773511201117, "a": 3200304072, "s": "BTCUSDT", "p": "70579.90", "q": "0.010", "nq": "0.010", "f": 7436090061, "l": 7436090064, "T": 1773511201107, "m": true}}
{"local_ts": 1773511201292, "server_ts": 1773511201108, "data": {"e": "aggTrade", "E": 1773511201117, "a": 3200304073, "s": "BTCUSDT", "p": "70579.80", "q": "0.003", "nq": "0.003", "f": 7436090065, "l": 7436090066, "T": 1773511201108, "m": true}}
{"local_ts": 1773511201293, "server_ts": 1773511201108, "data": {"e": "aggTrade", "E": 1773511201117, "a": 3200304074, "s": "BTCUSDT", "p": "70579.70", "q": "0.004", "nq": "0.004", "f": 7436090067, "l": 7436090067, "T": 1773511201108, "m": true}}
{"local_ts": 1773511201293, "server_ts": 1773511201108, "data": {"e": "aggTrade", "E": 1773511201117, "a": 3200304075, "s": "BTCUSDT", "p": "70579.60", "q": "0.071", "nq": "0.071", "f": 7436090068, "l": 7436090070, "T": 1773511201108, "m": true}}
{"local_ts": 1773511201293, "server_ts": 1773511201108, "data": {"e": "aggTrade", "E": 1773511201117, "a": 3200304076, "s": "BTCUSDT", "p": "70579.30", "q": "0.001", "nq": "0.001", "f": 7436090071, "l": 7436090071, "T": 1773511201108, "m": true}}
{"local_ts": 1773511201294, "server_ts": 1773511201108, "data": {"e": "aggTrade", "E": 1773511201118, "a": 3200304077, "s": "BTCUSDT", "p": "70579.10", "q": "0.002", "nq": "0.002", "f": 7436090072, "l": 7436090072, "T": 1773511201108, "m": true}}
{"local_ts": 1773511201294, "server_ts": 1773511201108, "data": {"e": "aggTrade", "E": 1773511201118, "a": 3200304078, "s": "BTCUSDT", "p": "70579.00", "q": "0.008", "nq": "0.008", "f": 7436090073, "l": 7436090073, "T": 1773511201108, "m": true}}
{"local_ts": 1773511201294, "server_ts": 1773511201108, "data": {"e": "aggTrade", "E": 1773511201118, "a": 3200304079, "s": "BTCUSDT", "p": "70578.80", "q": "0.015", "nq": "0.015", "f": 7436090074, "l": 7436090077, "T": 1773511201108, "m": true}}
{"local_ts": 1773511201295, "server_ts": 1773511201108, "data": {"e": "aggTrade", "E": 1773511201118, "a": 3200304080, "s": "BTCUSDT", "p": "70578.70", "q": "0.001", "nq": "0.001", "f": 7436090078, "l": 7436090078, "T": 1773511201108, "m": true}}
{"local_ts": 1773511201295, "server_ts": 1773511201108, "data": {"e": "aggTrade", "E": 1773511201118, "a": 3200304081, "s": "BTCUSDT", "p": "70578.60", "q": "0.187", "nq": "0.187", "f": 7436090079, "l": 7436090080, "T": 1773511201108, "m": true}}
{"local_ts": 1773511201295, "server_ts": 1773511201108, "data": {"e": "aggTrade", "E": 1773511201118, "a": 3200304082, "s": "BTCUSDT", "p": "70578.50", "q": "0.005", "nq": "0.005", "f": 7436090081, "l": 7436090082, "T": 1773511201108, "m": true}}
{"local_ts": 1773511201296, "server_ts": 1773511201108, "data": {"e": "aggTrade", "E": 1773511201118, "a": 3200304083, "s": "BTCUSDT", "p": "70578.40", "q": "0.008", "nq": "0.008", "f": 7436090083, "l": 7436090085, "T": 1773511201108, "m": true}}
{"local_ts": 1773511201296, "server_ts": 1773511201108, "data": {"e": "aggTrade", "E": 1773511201118, "a": 3200304084, "s": "BTCUSDT", "p": "70578.30", "q": "0.006", "nq": "0.006", "f": 7436090086, "l": 7436090088, "T": 1773511201108, "m": true}}
{"local_ts": 1773511201296, "server_ts": 1773511201108, "data": {"e": "aggTrade", "E": 1773511201118, "a": 3200304085, "s": "BTCUSDT", "p": "70578.10", "q": "0.002", "nq": "0.002", "f": 7436090089, "l": 7436090089, "T": 1773511201108, "m": true}}
{"local_ts": 1773511201297, "server_ts": 1773511201108, "data": {"e": "aggTrade", "E": 1773511201118, "a": 3200304086, "s": "BTCUSDT", "p": "70578.00", "q": "0.008", "nq": "0.008", "f": 7436090090, "l": 7436090092, "T": 1773511201108, "m": true}}
{"local_ts": 1773511201297, "server_ts": 1773511201108, "data": {"e": "aggTrade", "E": 1773511201118, "a": 3200304087, "s": "BTCUSDT", "p": "70577.90", "q": "0.001", "nq": "0.001", "f": 7436090093, "l": 7436090093, "T": 1773511201108, "m": true}}
{"local_ts": 1773511201297, "server_ts": 1773511201108, "data": {"e": "aggTrade", "E": 1773511201118, "a": 3200304088, "s": "BTCUSDT", "p": "70577.80", "q": "0.002", "nq": "0.002", "f": 7436090094, "l": 7436090094, "T": 1773511201108, "m": true}}
{"local_ts": 1773511201313, "server_ts": 1773511201108, "data": {"e": "aggTrade", "E": 1773511201140, "a": 3200304089, "s": "BTCUSDT", "p": "70577.70", "q": "0.003", "nq": "0.003", "f": 7436090095, "l": 7436090096, "T": 1773511201108, "m": true}}
{"local_ts": 1773511201314, "server_ts": 1773511201124, "data": {"e": "aggTrade", "E": 1773511201140, "a": 3200304090, "s": "BTCUSDT", "p": "70577.50", "q": "0.002", "nq": "0.002", "f": 7436090097, "l": 7436090097, "T": 1773511201124, "m": true}}
{"local_ts": 1773511201314, "server_ts": 1773511201124, "data": {"e": "aggTrade", "E": 1773511201140, "a": 3200304091, "s": "BTCUSDT", "p": "70577.40", "q": "0.001", "nq": "0.001", "f": 7436090098, "l": 7436090098, "T": 1773511201124, "m": true}}
{"local_ts": 1773511201339, "server_ts": 1773511201124, "data": {"e": "aggTrade", "E": 1773511201165, "a": 3200304092, "s": "BTCUSDT", "p": "70577.30", "q": "0.001", "nq": "0.001", "f": 7436090099, "l": 7436090099, "T": 1773511201124, "m": true}}
{"local_ts": 1773511201340, "server_ts": 1773511201143, "data": {"e": "aggTrade", "E": 1773511201165, "a": 3200304093, "s": "BTCUSDT", "p": "70577.00", "q": "0.001", "nq": "0.001", "f": 7436090100, "l": 7436090100, "T": 1773511201143, "m": true}}
{"local_ts": 1773511201340, "server_ts": 1773511201143, "data": {"e": "aggTrade", "E": 1773511201165, "a": 3200304094, "s": "BTCUSDT", "p": "70576.80", "q": "0.003", "nq": "0.003", "f": 7436090101, "l": 7436090101, "T": 1773511201143, "m": true}}
{"local_ts": 1773511201340, "server_ts": 1773511201143, "data": {"e": "aggTrade", "E": 1773511201165, "a": 3200304095, "s": "BTCUSDT", "p": "70576.60", "q": "0.007", "nq": "0.007", "f": 7436090102, "l": 7436090105, "T": 1773511201143, "m": true}}
{"local_ts": 1773511201341, "server_ts": 1773511201143, "data": {"e": "aggTrade", "E": 1773511201165, "a": 3200304096, "s": "BTCUSDT", "p": "70576.50", "q": "0.002", "nq": "0.002", "f": 7436090106, "l": 7436090106, "T": 1773511201143, "m": true}}
{"local_ts": 1773511201341, "server_ts": 1773511201143, "data": {"e": "aggTrade", "E": 1773511201165, "a": 3200304097, "s": "BTCUSDT", "p": "70576.30", "q": "0.003", "nq": "0.003", "f": 7436090107, "l": 7436090108, "T": 1773511201143, "m": true}}
{"local_ts": 1773511201342, "server_ts": 1773511201143, "data": {"e": "aggTrade", "E": 1773511201165, "a": 3200304098, "s": "BTCUSDT", "p": "70576.20", "q": "0.006", "nq": "0.006", "f": 7436090109, "l": 7436090111, "T": 1773511201143, "m": true}}
{"local_ts": 1773511201342, "server_ts": 1773511201143, "data": {"e": "aggTrade", "E": 1773511201165, "a": 3200304099, "s": "BTCUSDT", "p": "70576.10", "q": "0.010", "nq": "0.010", "f": 7436090112, "l": 7436090115, "T": 1773511201143, "m": true}}
{"local_ts": 1773511201342, "server_ts": 1773511201143, "data": {"e": "aggTrade", "E": 1773511201165, "a": 3200304100, "s": "BTCUSDT", "p": "70576.00", "q": "0.026", "nq": "0.026", "f": 7436090116, "l": 7436090117, "T": 1773511201143, "m": true}}
{"local_ts": 1773511201343, "server_ts": 1773511201143, "data": {"e": "aggTrade", "E": 1773511201165, "a": 3200304101, "s": "BTCUSDT", "p": "70575.90", "q": "0.004", "nq": "0.004", "f": 7436090118, "l": 7436090119, "T": 1773511201143, "m": true}}
{"local_ts": 1773511201343, "server_ts": 1773511201143, "data": {"e": "aggTrade", "E": 1773511201165, "a": 3200304102, "s": "BTCUSDT", "p": "70575.80", "q": "0.003", "nq": "0.003", "f": 7436090120, "l": 7436090120, "T": 1773511201143, "m": true}}
{"local_ts": 1773511201343, "server_ts": 1773511201143, "data": {"e": "aggTrade", "E": 1773511201165, "a": 3200304103, "s": "BTCUSDT", "p": "70575.70", "q": "0.001", "nq": "0.001", "f": 7436090121, "l": 7436090121, "T": 1773511201143, "m": true}}
{"local_ts": 1773511201344, "server_ts": 1773511201144, "data": {"e": "aggTrade", "E": 1773511201165, "a": 3200304104, "s": "BTCUSDT", "p": "70575.60", "q": "0.025", "nq": "0.025", "f": 7436090122, "l": 7436090122, "T": 1773511201144, "m": true}}
{"local_ts": 1773511201344, "server_ts": 1773511201144, "data": {"e": "aggTrade", "E": 1773511201165, "a": 3200304105, "s": "BTCUSDT", "p": "70575.50", "q": "0.212", "nq": "0.212", "f": 7436090123, "l": 7436090132, "T": 1773511201144, "m": true}}
{"local_ts": 1773511201344, "server_ts": 1773511201144, "data": {"e": "aggTrade", "E": 1773511201165, "a": 3200304106, "s": "BTCUSDT", "p": "70575.40", "q": "0.005", "nq": "0.005", "f": 7436090133, "l": 7436090135, "T": 1773511201144, "m": true}}
{"local_ts": 1773511201345, "server_ts": 1773511201144, "data": {"e": "aggTrade", "E": 1773511201165, "a": 3200304107, "s": "BTCUSDT", "p": "70575.30", "q": "0.028", "nq": "0.028", "f": 7436090136, "l": 7436090137, "T": 1773511201144, "m": true}}
{"local_ts": 1773511201348, "server_ts": 1773511201144, "data": {"e": "aggTrade", "E": 1773511201168, "a": 3200304108, "s": "BTCUSDT", "p": "70575.20", "q": "0.036", "nq": "0.036", "f": 7436090138, "l": 7436090138, "T": 1773511201144, "m": true}}
{"local_ts": 1773511201349, "server_ts": 1773511201145, "data": {"e": "aggTrade", "E": 1773511201168, "a": 3200304109, "s": "BTCUSDT", "p": "70575.00", "q": "0.005", "nq": "0.005", "f": 7436090139, "l": 7436090140, "T": 1773511201145, "m": true}}
{"local_ts": 1773511201349, "server_ts": 1773511201145, "data": {"e": "aggTrade", "E": 1773511201168, "a": 3200304110, "s": "BTCUSDT", "p": "70574.90", "q": "0.066", "nq": "0.066", "f": 7436090141, "l": 7436090144, "T": 1773511201145, "m": true}}
{"local_ts": 1773511201349, "server_ts": 1773511201145, "data": {"e": "aggTrade", "E": 1773511201168, "a": 3200304111, "s": "BTCUSDT", "p": "70574.80", "q": "0.001", "nq": "0.001", "f": 7436090145, "l": 7436090145, "T": 1773511201145, "m": true}}
{"local_ts": 1773511201350, "server_ts": 1773511201145, "data": {"e": "aggTrade", "E": 1773511201168, "a": 3200304112, "s": "BTCUSDT", "p": "70574.60", "q": "0.036", "nq": "0.036", "f": 7436090146, "l": 7436090146, "T": 1773511201145, "m": true}}
{"local_ts": 1773511201350, "server_ts": 1773511201145, "data": {"e": "aggTrade", "E": 1773511201168, "a": 3200304113, "s": "BTCUSDT", "p": "70574.50", "q": "0.099", "nq": "0.099", "f": 7436090147, "l": 7436090150, "T": 1773511201145, "m": true}}
{"local_ts": 1773511201350, "server_ts": 1773511201145, "data": {"e": "aggTrade", "E": 1773511201168, "a": 3200304114, "s": "BTCUSDT", "p": "70574.40", "q": "0.003", "nq": "0.003", "f": 7436090151, "l": 7436090152, "T": 1773511201145, "m": true}}
{"local_ts": 1773511201351, "server_ts": 1773511201145, "data": {"e": "aggTrade", "E": 1773511201168, "a": 3200304115, "s": "BTCUSDT", "p": "70574.30", "q": "0.003", "nq": "0.003", "f": 7436090153, "l": 7436090153, "T": 1773511201145, "m": true}}
{"local_ts": 1773511201351, "server_ts": 1773511201145, "data": {"e": "aggTrade", "E": 1773511201168, "a": 3200304116, "s": "BTCUSDT", "p": "70574.20", "q": "0.108", "nq": "0.108", "f": 7436090154, "l": 7436090157, "T": 1773511201145, "m": true}}
{"local_ts": 1773511201351, "server_ts": 1773511201145, "data": {"e": "aggTrade", "E": 1773511201168, "a": 3200304117, "s": "BTCUSDT", "p": "70574.10", "q": "0.109", "nq": "0.109", "f": 7436090158, "l": 7436090161, "T": 1773511201145, "m": true}}
{"local_ts": 1773511201352, "server_ts": 1773511201145, "data": {"e": "aggTrade", "E": 1773511201168, "a": 3200304118, "s": "BTCUSDT", "p": "70574.00", "q": "0.016", "nq": "0.016", "f": 7436090162, "l": 7436090167, "T": 1773511201145, "m": true}}
{"local_ts": 1773511201352, "server_ts": 1773511201145, "data": {"e": "aggTrade", "E": 1773511201168, "a": 3200304119, "s": "BTCUSDT", "p": "70573.80", "q": "0.007", "nq": "0.007", "f": 7436090168, "l": 7436090170, "T": 1773511201145, "m": true}}
{"local_ts": 1773511201352, "server_ts": 1773511201145, "data": {"e": "aggTrade", "E": 1773511201168, "a": 3200304120, "s": "BTCUSDT", "p": "70573.70", "q": "0.002", "nq": "0.002", "f": 7436090171, "l": 7436090171, "T": 1773511201145, "m": true}}
{"local_ts": 1773511201352, "server_ts": 1773511201145, "data": {"e": "aggTrade", "E": 1773511201168, "a": 3200304121, "s": "BTCUSDT", "p": "70573.50", "q": "0.001", "nq": "0.001", "f": 7436090172, "l": 7436090172, "T": 1773511201145, "m": true}}
{"local_ts": 1773511201353, "server_ts": 1773511201145, "data": {"e": "aggTrade", "E": 1773511201168, "a": 3200304122, "s": "BTCUSDT", "p": "70573.30", "q": "0.079", "nq": "0.079", "f": 7436090173, "l": 7436090175, "T": 1773511201145, "m": true}}
{"local_ts": 1773511201353, "server_ts": 1773511201145, "data": {"e": "aggTrade", "E": 1773511201168, "a": 3200304123, "s": "BTCUSDT", "p": "70573.20", "q": "0.001", "nq": "0.001", "f": 7436090176, "l": 7436090176, "T": 1773511201145, "m": true}}
{"local_ts": 1773511201353, "server_ts": 1773511201145, "data": {"e": "aggTrade", "E": 1773511201168, "a": 3200304124, "s": "BTCUSDT", "p": "70573.10", "q": "0.003", "nq": "0.003", "f": 7436090177, "l": 7436090177, "T": 1773511201145, "m": true}}
{"local_ts": 1773511201354, "server_ts": 1773511201145, "data": {"e": "aggTrade", "E": 1773511201168, "a": 3200304125, "s": "BTCUSDT", "p": "70573.00", "q": "0.002", "nq": "0.002", "f": 7436090178, "l": 7436090178, "T": 1773511201145, "m": true}}
{"local_ts": 1773511201354, "server_ts": 1773511201145, "data": {"e": "aggTrade", "E": 1773511201168, "a": 3200304126, "s": "BTCUSDT", "p": "70572.90", "q": "0.002", "nq": "0.002", "f": 7436090179, "l": 7436090179, "T": 1773511201145, "m": true}}
{"local_ts": 1773511201354, "server_ts": 1773511201145, "data": {"e": "aggTrade", "E": 1773511201168, "a": 3200304127, "s": "BTCUSDT", "p": "70572.80", "q": "0.031", "nq": "0.031", "f": 7436090180, "l": 7436090181, "T": 1773511201145, "m": true}}
{"local_ts": 1773511201355, "server_ts": 1773511201145, "data": {"e": "aggTrade", "E": 1773511201168, "a": 3200304128, "s": "BTCUSDT", "p": "70572.70", "q": "0.191", "nq": "0.191", "f": 7436090182, "l": 7436090188, "T": 1773511201145, "m": true}}
{"local_ts": 1773511201355, "server_ts": 1773511201145, "data": {"e": "aggTrade", "E": 1773511201168, "a": 3200304129, "s": "BTCUSDT", "p": "70572.60", "q": "0.007", "nq": "0.007", "f": 7436090189, "l": 7436090192, "T": 1773511201145, "m": true}}
{"local_ts": 1773511201355, "server_ts": 1773511201145, "data": {"e": "aggTrade", "E": 1773511201168, "a": 3200304130, "s": "BTCUSDT", "p": "70572.50", "q": "0.002", "nq": "0.002", "f": 7436090193, "l": 7436090193, "T": 1773511201145, "m": true}}
{"local_ts": 1773511201356, "server_ts": 1773511201145, "data": {"e": "aggTrade", "E": 1773511201168, "a": 3200304131, "s": "BTCUSDT", "p": "70572.40", "q": "0.007", "nq": "0.007", "f": 7436090194, "l": 7436090195, "T": 1773511201145, "m": true}}
{"local_ts": 1773511201356, "server_ts": 1773511201145, "data": {"e": "aggTrade", "E": 1773511201170, "a": 3200304132, "s": "BTCUSDT", "p": "70572.30", "q": "0.040", "nq": "0.040", "f": 7436090196, "l": 7436090199, "T": 1773511201145, "m": true}}
{"local_ts": 1773511201356, "server_ts": 1773511201148, "data": {"e": "aggTrade", "E": 1773511201170, "a": 3200304133, "s": "BTCUSDT", "p": "70572.20", "q": "0.004", "nq": "0.004", "f": 7436090200, "l": 7436090201, "T": 1773511201148, "m": true}}
{"local_ts": 1773511201356, "server_ts": 1773511201148, "data": {"e": "aggTrade", "E": 1773511201170, "a": 3200304134, "s": "BTCUSDT", "p": "70572.10", "q": "0.021", "nq": "0.021", "f": 7436090202, "l": 7436090203, "T": 1773511201148, "m": true}}
{"local_ts": 1773511201357, "server_ts": 1773511201148, "data": {"e": "aggTrade", "E": 1773511201170, "a": 3200304135, "s": "BTCUSDT", "p": "70572.00", "q": "0.003", "nq": "0.003", "f": 7436090204, "l": 7436090205, "T": 1773511201148, "m": true}}
{"local_ts": 1773511201357, "server_ts": 1773511201148, "data": {"e": "aggTrade", "E": 1773511201170, "a": 3200304136, "s": "BTCUSDT", "p": "70571.90", "q": "0.005", "nq": "0.005", "f": 7436090206, "l": 7436090207, "T": 1773511201148, "m": true}}
{"local_ts": 1773511201357, "server_ts": 1773511201148, "data": {"e": "aggTrade", "E": 1773511201170, "a": 3200304137, "s": "BTCUSDT", "p": "70571.80", "q": "0.016", "nq": "0.016", "f": 7436090208, "l": 7436090210, "T": 1773511201148, "m": true}}
{"local_ts": 1773511201358, "server_ts": 1773511201148, "data": {"e": "aggTrade", "E": 1773511201170, "a": 3200304138, "s": "BTCUSDT", "p": "70571.70", "q": "0.075", "nq": "0.075", "f": 7436090211, "l": 7436090213, "T": 1773511201148, "m": true}}
{"local_ts": 1773511201358, "server_ts": 1773511201148, "data": {"e": "aggTrade", "E": 1773511201170, "a": 3200304139, "s": "BTCUSDT", "p": "70571.60", "q": "0.009", "nq": "0.009", "f": 7436090214, "l": 7436090217, "T": 1773511201148, "m": true}}
{"local_ts": 1773511201358, "server_ts": 1773511201148, "data": {"e": "aggTrade", "E": 1773511201170, "a": 3200304140, "s": "BTCUSDT", "p": "70571.40", "q": "0.038", "nq": "0.038", "f": 7436090218, "l": 7436090219, "T": 1773511201148, "m": true}}
{"local_ts": 1773511201376, "server_ts": 1773511201148, "data": {"e": "aggTrade", "E": 1773511201200, "a": 3200304141, "s": "BTCUSDT", "p": "70571.30", "q": "0.037", "nq": "0.037", "f": 7436090220, "l": 7436090221, "T": 1773511201148, "m": true}}
{"local_ts": 1773511201396, "server_ts": 1773511201171, "data": {"e": "aggTrade", "E": 1773511201223, "a": 3200304142, "s": "BTCUSDT", "p": "70571.10", "q": "1.199", "nq": "1.199", "f": 7436090222, "l": 7436090237, "T": 1773511201171, "m": true}}
{"local_ts": 1773511201397, "server_ts": 1773511201198, "data": {"e": "aggTrade", "E": 1773511201223, "a": 3200304143, "s": "BTCUSDT", "p": "70571.00", "q": "0.008", "nq": "0.008", "f": 7436090238, "l": 7436090239, "T": 1773511201198, "m": true}}
{"local_ts": 1773511201397, "server_ts": 1773511201198, "data": {"e": "aggTrade", "E": 1773511201223, "a": 3200304144, "s": "BTCUSDT", "p": "70570.80", "q": "0.011", "nq": "0.011", "f": 7436090240, "l": 7436090249, "T": 1773511201198, "m": true}}
{"local_ts": 1773511201398, "server_ts": 1773511201198, "data": {"e": "aggTrade", "E": 1773511201223, "a": 3200304145, "s": "BTCUSDT", "p": "70570.60", "q": "0.003", "nq": "0.003", "f": 7436090250, "l": 7436090251, "T": 1773511201198, "m": true}}
{"local_ts": 1773511201403, "server_ts": 1773511201198, "data": {"e": "aggTrade", "E": 1773511201223, "a": 3200304146, "s": "BTCUSDT", "p": "70570.50", "q": "0.008", "nq": "0.008", "f": 7436090252, "l": 7436090255, "T": 1773511201198, "m": true}}
{"local_ts": 1773511201403, "server_ts": 1773511201198, "data": {"e": "aggTrade", "E": 1773511201223, "a": 3200304147, "s": "BTCUSDT", "p": "70570.40", "q": "0.002", "nq": "0.002", "f": 7436090256, "l": 7436090256, "T": 1773511201198, "m": true}}
{"local_ts": 1773511201403, "server_ts": 1773511201198, "data": {"e": "aggTrade", "E": 1773511201223, "a": 3200304148, "s": "BTCUSDT", "p": "70570.20", "q": "0.002", "nq": "0.002", "f": 7436090257, "l": 7436090257, "T": 1773511201198, "m": true}}
{"local_ts": 1773511201404, "server_ts": 1773511201198, "data": {"e": "aggTrade", "E": 1773511201223, "a": 3200304149, "s": "BTCUSDT", "p": "70570.10", "q": "0.001", "nq": "0.001", "f": 7436090258, "l": 7436090258, "T": 1773511201198, "m": true}}
{"local_ts": 1773511201404, "server_ts": 1773511201198, "data": {"e": "aggTrade", "E": 1773511201223, "a": 3200304150, "s": "BTCUSDT", "p": "70570.00", "q": "0.077", "nq": "0.077", "f": 7436090259, "l": 7436090262, "T": 1773511201198, "m": true}}
{"local_ts": 1773511201404, "server_ts": 1773511201198, "data": {"e": "aggTrade", "E": 1773511201223, "a": 3200304151, "s": "BTCUSDT", "p": "70569.90", "q": "0.006", "nq": "0.006", "f": 7436090263, "l": 7436090265, "T": 1773511201198, "m": true}}
{"local_ts": 1773511201405, "server_ts": 1773511201198, "data": {"e": "aggTrade", "E": 1773511201223, "a": 3200304152, "s": "BTCUSDT", "p": "70569.80", "q": "0.002", "nq": "0.002", "f": 7436090266, "l": 7436090266, "T": 1773511201198, "m": true}}
{"local_ts": 1773511201405, "server_ts": 1773511201198, "data": {"e": "aggTrade", "E": 1773511201223, "a": 3200304153, "s": "BTCUSDT", "p": "70569.70", "q": "0.003", "nq": "0.003", "f": 7436090267, "l": 7436090267, "T": 1773511201198, "m": true}}
{"local_ts": 1773511201406, "server_ts": 1773511201198, "data": {"e": "aggTrade", "E": 1773511201223, "a": 3200304154, "s": "BTCUSDT", "p": "70569.60", "q": "0.002", "nq": "0.002", "f": 7436090268, "l": 7436090268, "T": 1773511201198, "m": true}}
{"local_ts": 1773511201406, "server_ts": 1773511201198, "data": {"e": "aggTrade", "E": 1773511201223, "a": 3200304155, "s": "BTCUSDT", "p": "70569.50", "q": "0.001", "nq": "0.001", "f": 7436090269, "l": 7436090269, "T": 1773511201198, "m": true}}
{"local_ts": 1773511201406, "server_ts": 1773511201198, "data": {"e": "aggTrade", "E": 1773511201223, "a": 3200304156, "s": "BTCUSDT", "p": "70569.40", "q": "0.004", "nq": "0.004", "f": 7436090270, "l": 7436090271, "T": 1773511201198, "m": true}}
{"local_ts": 1773511201407, "server_ts": 1773511201198, "data": {"e": "aggTrade", "E": 1773511201223, "a": 3200304157, "s": "BTCUSDT", "p": "70569.20", "q": "0.001", "nq": "0.001", "f": 7436090272, "l": 7436090272, "T": 1773511201198, "m": true}}
{"local_ts": 1773511201407, "server_ts": 1773511201198, "data": {"e": "aggTrade", "E": 1773511201223, "a": 3200304158, "s": "BTCUSDT", "p": "70569.00", "q": "0.005", "nq": "0.005", "f": 7436090273, "l": 7436090274, "T": 1773511201198, "m": true}}
{"local_ts": 1773511201407, "server_ts": 1773511201198, "data": {"e": "aggTrade", "E": 1773511201223, "a": 3200304159, "s": "BTCUSDT", "p": "70568.90", "q": "0.002", "nq": "0.002", "f": 7436090275, "l": 7436090276, "T": 1773511201198, "m": true}}
{"local_ts": 1773511201407, "server_ts": 1773511201198, "data": {"e": "aggTrade", "E": 1773511201224, "a": 3200304160, "s": "BTCUSDT", "p": "70568.80", "q": "0.002", "nq": "0.002", "f": 7436090277, "l": 7436090277, "T": 1773511201198, "m": true}}
{"local_ts": 1773511201408, "server_ts": 1773511201198, "data": {"e": "aggTrade", "E": 1773511201224, "a": 3200304161, "s": "BTCUSDT", "p": "70568.70", "q": "0.027", "nq": "0.027", "f": 7436090278, "l": 7436090279, "T": 1773511201198, "m": true}}
{"local_ts": 1773511201408, "server_ts": 1773511201198, "data": {"e": "aggTrade", "E": 1773511201229, "a": 3200304162, "s": "BTCUSDT", "p": "70568.60", "q": "0.003", "nq": "0.003", "f": 7436090280, "l": 7436090280, "T": 1773511201198, "m": true}}
{"local_ts": 1773511201438, "server_ts": 1773511201208, "data": {"e": "aggTrade", "E": 1773511201267, "a": 3200304163, "s": "BTCUSDT", "p": "70568.70", "q": "0.395", "nq": "0.395", "f": 7436090281, "l": 7436090281, "T": 1773511201208, "m": false}}
{"local_ts": 1773511201556, "server_ts": 1773511201263, "data": {"e": "aggTrade", "E": 1773511201376, "a": 3200304164, "s": "BTCUSDT", "p": "70568.60", "q": "0.282", "nq": "0.282", "f": 7436090282, "l": 7436090286, "T": 1773511201263, "m": true}}
{"local_ts": 1773511201557, "server_ts": 1773511201371, "data": {"e": "aggTrade", "E": 1773511201376, "a": 3200304165, "s": "BTCUSDT", "p": "70568.60", "q": "0.137", "nq": "0.137", "f": 7436090287, "l": 7436090295, "T": 1773511201371, "m": true}}
{"local_ts": 1773511201557, "server_ts": 1773511201371, "data": {"e": "aggTrade", "E": 1773511201376, "a": 3200304166, "s": "BTCUSDT", "p": "70568.50", "q": "0.002", "nq": "0.002", "f": 7436090296, "l": 7436090296, "T": 1773511201371, "m": true}}
{"local_ts": 1773511201558, "server_ts": 1773511201371, "data": {"e": "aggTrade", "E": 1773511201376, "a": 3200304167, "s": "BTCUSDT", "p": "70568.40", "q": "0.003", "nq": "0.003", "f": 7436090297, "l": 7436090298, "T": 1773511201371, "m": true}}
{"local_ts": 1773511201558, "server_ts": 1773511201371, "data": {"e": "aggTrade", "E": 1773511201376, "a": 3200304168, "s": "BTCUSDT", "p": "70568.30", "q": "0.002", "nq": "0.002", "f": 7436090299, "l": 7436090299, "T": 1773511201371, "m": true}}
{"local_ts": 1773511201558, "server_ts": 1773511201371, "data": {"e": "aggTrade", "E": 1773511201376, "a": 3200304169, "s": "BTCUSDT", "p": "70568.20", "q": "0.002", "nq": "0.002", "f": 7436090300, "l": 7436090300, "T": 1773511201371, "m": true}}
{"local_ts": 1773511201559, "server_ts": 1773511201371, "data": {"e": "aggTrade", "E": 1773511201376, "a": 3200304170, "s": "BTCUSDT", "p": "70568.10", "q": "0.002", "nq": "0.002", "f": 7436090301, "l": 7436090301, "T": 1773511201371, "m": true}}
{"local_ts": 1773511201559, "server_ts": 1773511201371, "data": {"e": "aggTrade", "E": 1773511201376, "a": 3200304171, "s": "BTCUSDT", "p": "70568.00", "q": "0.001", "nq": "0.001", "f": 7436090302, "l": 7436090302, "T": 1773511201371, "m": true}}
{"local_ts": 1773511201559, "server_ts": 1773511201371, "data": {"e": "aggTrade", "E": 1773511201376, "a": 3200304172, "s": "BTCUSDT", "p": "70567.80", "q": "0.038", "nq": "0.038", "f": 7436090303, "l": 7436090305, "T": 1773511201371, "m": true}}
{"local_ts": 1773511201560, "server_ts": 1773511201371, "data": {"e": "aggTrade", "E": 1773511201376, "a": 3200304173, "s": "BTCUSDT", "p": "70567.70", "q": "0.003", "nq": "0.003", "f": 7436090306, "l": 7436090307, "T": 1773511201371, "m": true}}
{"local_ts": 1773511201560, "server_ts": 1773511201371, "data": {"e": "aggTrade", "E": 1773511201376, "a": 3200304174, "s": "BTCUSDT", "p": "70567.40", "q": "0.002", "nq": "0.002", "f": 7436090308, "l": 7436090308, "T": 1773511201371, "m": true}}
{"local_ts": 1773511201561, "server_ts": 1773511201371, "data": {"e": "aggTrade", "E": 1773511201376, "a": 3200304175, "s": "BTCUSDT", "p": "70567.30", "q": "0.002", "nq": "0.002", "f": 7436090309, "l": 7436090309, "T": 1773511201371, "m": true}}
{"local_ts": 1773511201561, "server_ts": 1773511201371, "data": {"e": "aggTrade", "E": 1773511201376, "a": 3200304176, "s": "BTCUSDT", "p": "70567.20", "q": "0.002", "nq": "0.002", "f": 7436090310, "l": 7436090310, "T": 1773511201371, "m": true}}
{"local_ts": 1773511201561, "server_ts": 1773511201371, "data": {"e": "aggTrade", "E": 1773511201376, "a": 3200304177, "s": "BTCUSDT", "p": "70567.10", "q": "0.003", "nq": "0.003", "f": 7436090311, "l": 7436090312, "T": 1773511201371, "m": true}}
{"local_ts": 1773511201562, "server_ts": 1773511201371, "data": {"e": "aggTrade", "E": 1773511201376, "a": 3200304178, "s": "BTCUSDT", "p": "70567.00", "q": "0.009", "nq": "0.009", "f": 7436090313, "l": 7436090316, "T": 1773511201371, "m": true}}
{"local_ts": 1773511201562, "server_ts": 1773511201371, "data": {"e": "aggTrade", "E": 1773511201376, "a": 3200304179, "s": "BTCUSDT", "p": "70566.90", "q": "0.004", "nq": "0.004", "f": 7436090317, "l": 7436090318, "T": 1773511201371, "m": true}}
{"local_ts": 1773511201563, "server_ts": 1773511201371, "data": {"e": "aggTrade", "E": 1773511201376, "a": 3200304180, "s": "BTCUSDT", "p": "70566.80", "q": "0.214", "nq": "0.214", "f": 7436090319, "l": 7436090320, "T": 1773511201371, "m": true}}
{"local_ts": 1773511201563, "server_ts": 1773511201371, "data": {"e": "aggTrade", "E": 1773511201376, "a": 3200304181, "s": "BTCUSDT", "p": "70566.70", "q": "0.359", "nq": "0.359", "f": 7436090321, "l": 7436090325, "T": 1773511201371, "m": true}}
{"local_ts": 1773511201563, "server_ts": 1773511201371, "data": {"e": "aggTrade", "E": 1773511201376, "a": 3200304182, "s": "BTCUSDT", "p": "70566.60", "q": "0.061", "nq": "0.061", "f": 7436090326, "l": 7436090328, "T": 1773511201371, "m": true}}
{"local_ts": 1773511201564, "server_ts": 1773511201371, "data": {"e": "aggTrade", "E": 1773511201376, "a": 3200304183, "s": "BTCUSDT", "p": "70566.50", "q": "0.015", "nq": "0.015", "f": 7436090329, "l": 7436090329, "T": 1773511201371, "m": true}}
{"local_ts": 1773511201564, "server_ts": 1773511201371, "data": {"e": "aggTrade", "E": 1773511201377, "a": 3200304184, "s": "BTCUSDT", "p": "70566.40", "q": "0.001", "nq": "0.001", "f": 7436090330, "l": 7436090330, "T": 1773511201371, "m": true}}
{"local_ts": 1773511201564, "server_ts": 1773511201371, "data": {"e": "aggTrade", "E": 1773511201377, "a": 3200304185, "s": "BTCUSDT", "p": "70566.20", "q": "0.006", "nq": "0.006", "f": 7436090331, "l": 7436090332, "T": 1773511201371, "m": true}}
{"local_ts": 1773511201565, "server_ts": 1773511201371, "data": {"e": "aggTrade", "E": 1773511201377, "a": 3200304186, "s": "BTCUSDT", "p": "70566.00", "q": "0.006", "nq": "0.006", "f": 7436090333, "l": 7436090335, "T": 1773511201371, "m": true}}
{"local_ts": 1773511201565, "server_ts": 1773511201371, "data": {"e": "aggTrade", "E": 1773511201377, "a": 3200304187, "s": "BTCUSDT", "p": "70565.80", "q": "0.003", "nq": "0.003", "f": 7436090336, "l": 7436090337, "T": 1773511201371, "m": true}}
{"local_ts": 1773511201566, "server_ts": 1773511201371, "data": {"e": "aggTrade", "E": 1773511201377, "a": 3200304188, "s": "BTCUSDT", "p": "70565.60", "q": "0.002", "nq": "0.002", "f": 7436090338, "l": 7436090338, "T": 1773511201371, "m": true}}
{"local_ts": 1773511201566, "server_ts": 1773511201371, "data": {"e": "aggTrade", "E": 1773511201377, "a": 3200304189, "s": "BTCUSDT", "p": "70565.50", "q": "0.031", "nq": "0.031", "f": 7436090339, "l": 7436090341, "T": 1773511201371, "m": true}}
{"local_ts": 1773511201566, "server_ts": 1773511201371, "data": {"e": "aggTrade", "E": 1773511201377, "a": 3200304190, "s": "BTCUSDT", "p": "70565.40", "q": "0.004", "nq": "0.004", "f": 7436090342, "l": 7436090343, "T": 1773511201371, "m": true}}
{"local_ts": 1773511201567, "server_ts": 1773511201371, "data": {"e": "aggTrade", "E": 1773511201377, "a": 3200304191, "s": "BTCUSDT", "p": "70565.20", "q": "0.016", "nq": "0.016", "f": 7436090344, "l": 7436090345, "T": 1773511201371, "m": true}}
{"local_ts": 1773511201567, "server_ts": 1773511201371, "data": {"e": "aggTrade", "E": 1773511201377, "a": 3200304192, "s": "BTCUSDT", "p": "70565.00", "q": "0.007", "nq": "0.007", "f": 7436090346, "l": 7436090347, "T": 1773511201371, "m": true}}
{"local_ts": 1773511201567, "server_ts": 1773511201371, "data": {"e": "aggTrade", "E": 1773511201377, "a": 3200304193, "s": "BTCUSDT", "p": "70564.90", "q": "0.003", "nq": "0.003", "f": 7436090348, "l": 7436090349, "T": 1773511201371, "m": true}}
{"local_ts": 1773511201568, "server_ts": 1773511201371, "data": {"e": "aggTrade", "E": 1773511201377, "a": 3200304194, "s": "BTCUSDT", "p": "70564.80", "q": "0.003", "nq": "0.003", "f": 7436090350, "l": 7436090350, "T": 1773511201371, "m": true}}
{"local_ts": 1773511201568, "server_ts": 1773511201371, "data": {"e": "aggTrade", "E": 1773511201377, "a": 3200304195, "s": "BTCUSDT", "p": "70564.60", "q": "0.004", "nq": "0.004", "f": 7436090351, "l": 7436090352, "T": 1773511201371, "m": true}}
{"local_ts": 1773511201702, "server_ts": 1773511201371, "data": {"e": "aggTrade", "E": 1773511201528, "a": 3200304196, "s": "BTCUSDT", "p": "70564.50", "q": "0.898", "nq": "0.898", "f": 7436090353, "l": 7436090353, "T": 1773511201371, "m": true}}
{"local_ts": 1773511202000, "server_ts": 1773511201674, "data": {"e": "aggTrade", "E": 1773511201828, "a": 3200304197, "s": "BTCUSDT", "p": "70564.60", "q": "0.013", "nq": "0.013", "f": 7436090354, "l": 7436090354, "T": 1773511201674, "m": false}}
{"local_ts": 1773511202247, "server_ts": 1773511201919, "data": {"e": "aggTrade", "E": 1773511202074, "a": 3200304198, "s": "BTCUSDT", "p": "70564.60", "q": "0.009", "nq": "0.009", "f": 7436090355, "l": 7436090357, "T": 1773511201919, "m": false}}
{"local_ts": 1773511202710, "server_ts": 1773511202385, "data": {"e": "aggTrade", "E": 1773511202537, "a": 3200304199, "s": "BTCUSDT", "p": "70564.50", "q": "0.010", "nq": "0.010", "f": 7436090358, "l": 7436090358, "T": 1773511202385, "m": true}}
{"local_ts": 1773511203025, "server_ts": 1773511202847, "data": {"e": "aggTrade", "E": 1773511202851, "a": 3200304200, "s": "BTCUSDT", "p": "70564.60", "q": "0.333", "nq": "0.333", "f": 7436090359, "l": 7436090374, "T": 1773511202847, "m": false}}
{"local_ts": 1773511203026, "server_ts": 1773511202847, "data": {"e": "aggTrade", "E": 1773511202851, "a": 3200304201, "s": "BTCUSDT", "p": "70564.70", "q": "0.004", "nq": "0.004", "f": 7436090375, "l": 7436090375, "T": 1773511202847, "m": false}}
{"local_ts": 1773511203026, "server_ts": 1773511202847, "data": {"e": "aggTrade", "E": 1773511202851, "a": 3200304202, "s": "BTCUSDT", "p": "70564.80", "q": "0.080", "nq": "0.080", "f": 7436090376, "l": 7436090376, "T": 1773511202847, "m": false}}
{"local_ts": 1773511203026, "server_ts": 1773511202847, "data": {"e": "aggTrade", "E": 1773511202851, "a": 3200304203, "s": "BTCUSDT", "p": "70564.90", "q": "0.002", "nq": "0.002", "f": 7436090377, "l": 7436090377, "T": 1773511202847, "m": false}}
{"local_ts": 1773511203027, "server_ts": 1773511202847, "data": {"e": "aggTrade", "E": 1773511202851, "a": 3200304204, "s": "BTCUSDT", "p": "70565.00", "q": "0.004", "nq": "0.004", "f": 7436090378, "l": 7436090379, "T": 1773511202847, "m": false}}
{"local_ts": 1773511203027, "server_ts": 1773511202847, "data": {"e": "aggTrade", "E": 1773511202851, "a": 3200304205, "s": "BTCUSDT", "p": "70565.10", "q": "0.002", "nq": "0.002", "f": 7436090380, "l": 7436090380, "T": 1773511202847, "m": false}}
{"local_ts": 1773511203028, "server_ts": 1773511202847, "data": {"e": "aggTrade", "E": 1773511202851, "a": 3200304206, "s": "BTCUSDT", "p": "70565.60", "q": "0.080", "nq": "0.080", "f": 7436090381, "l": 7436090381, "T": 1773511202847, "m": false}}
{"local_ts": 1773511203028, "server_ts": 1773511202847, "data": {"e": "aggTrade", "E": 1773511202851, "a": 3200304207, "s": "BTCUSDT", "p": "70566.10", "q": "0.002", "nq": "0.002", "f": 7436090382, "l": 7436090382, "T": 1773511202847, "m": false}}
{"local_ts": 1773511203028, "server_ts": 1773511202847, "data": {"e": "aggTrade", "E": 1773511202851, "a": 3200304208, "s": "BTCUSDT", "p": "70566.30", "q": "0.001", "nq": "0.001", "f": 7436090383, "l": 7436090383, "T": 1773511202847, "m": false}}
{"local_ts": 1773511203028, "server_ts": 1773511202847, "data": {"e": "aggTrade", "E": 1773511202851, "a": 3200304209, "s": "BTCUSDT", "p": "70566.40", "q": "0.003", "nq": "0.003", "f": 7436090384, "l": 7436090384, "T": 1773511202847, "m": false}}
{"local_ts": 1773511203029, "server_ts": 1773511202847, "data": {"e": "aggTrade", "E": 1773511202851, "a": 3200304210, "s": "BTCUSDT", "p": "70567.00", "q": "0.006", "nq": "0.006", "f": 7436090385, "l": 7436090387, "T": 1773511202847, "m": false}}
{"local_ts": 1773511203029, "server_ts": 1773511202847, "data": {"e": "aggTrade", "E": 1773511202851, "a": 3200304211, "s": "BTCUSDT", "p": "70567.20", "q": "0.004", "nq": "0.004", "f": 7436090388, "l": 7436090389, "T": 1773511202847, "m": false}}
{"local_ts": 1773511203029, "server_ts": 1773511202847, "data": {"e": "aggTrade", "E": 1773511202851, "a": 3200304212, "s": "BTCUSDT", "p": "70567.30", "q": "0.002", "nq": "0.002", "f": 7436090390, "l": 7436090390, "T": 1773511202847, "m": false}}
{"local_ts": 1773511203030, "server_ts": 1773511202847, "data": {"e": "aggTrade", "E": 1773511202851, "a": 3200304213, "s": "BTCUSDT", "p": "70567.40", "q": "0.008", "nq": "0.008", "f": 7436090391, "l": 7436090391, "T": 1773511202847, "m": false}}
{"local_ts": 1773511203030, "server_ts": 1773511202847, "data": {"e": "aggTrade", "E": 1773511202851, "a": 3200304214, "s": "BTCUSDT", "p": "70567.50", "q": "0.001", "nq": "0.001", "f": 7436090392, "l": 7436090392, "T": 1773511202847, "m": false}}
{"local_ts": 1773511203103, "server_ts": 1773511202847, "data": {"e": "aggTrade", "E": 1773511202931, "a": 3200304215, "s": "BTCUSDT", "p": "70567.70", "q": "0.023", "nq": "0.023", "f": 7436090393, "l": 7436090393, "T": 1773511202847, "m": false}}
{"local_ts": 1773511203239, "server_ts": 1773511202929, "data": {"e": "aggTrade", "E": 1773511203066, "a": 3200304216, "s": "BTCUSDT", "p": "70567.60", "q": "0.008", "nq": "0.008", "f": 7436090394, "l": 7436090394, "T": 1773511202929, "m": true}}
{"local_ts": 1773511203389, "server_ts": 1773511203064, "data": {"e": "aggTrade", "E": 1773511203217, "a": 3200304217, "s": "BTCUSDT", "p": "70567.60", "q": "0.010", "nq": "0.010", "f": 7436090395, "l": 7436090399, "T": 1773511203064, "m": true}}
{"local_ts": 1773511203641, "server_ts": 1773511203445, "data": {"e": "aggTrade", "E": 1773511203470, "a": 3200304218, "s": "BTCUSDT", "p": "70567.70", "q": "0.017", "nq": "0.017", "f": 7436090400, "l": 7436090400, "T": 1773511203445, "m": false}}
{"local_ts": 1773511203793, "server_ts": 1773511203467, "data": {"e": "aggTrade", "E": 1773511203621, "a": 3200304219, "s": "BTCUSDT", "p": "70567.60", "q": "0.014", "nq": "0.014", "f": 7436090401, "l": 7436090401, "T": 1773511203467, "m": true}}
{"local_ts": 1773511203996, "server_ts": 1773511203674, "data": {"e": "aggTrade", "E": 1773511203824, "a": 3200304220, "s": "BTCUSDT", "p": "70567.60", "q": "0.031", "nq": "0.031", "f": 7436090402, "l": 7436090402, "T": 1773511203674, "m": true}}
{"local_ts": 1773511204148, "server_ts": 1773511203821, "data": {"e": "aggTrade", "E": 1773511203975, "a": 3200304221, "s": "BTCUSDT", "p": "70567.70", "q": "0.055", "nq": "0.055", "f": 7436090403, "l": 7436090403, "T": 1773511203821, "m": false}}
{"local_ts": 1773511205155, "server_ts": 1773511204831, "data": {"e": "aggTrade", "E": 1773511204984, "a": 3200304222, "s": "BTCUSDT", "p": "70567.70", "q": "0.014", "nq": "0.014", "f": 7436090404, "l": 7436090404, "T": 1773511204831, "m": false}}
{"local_ts": 1773511205396, "server_ts": 1773511205067, "data": {"e": "aggTrade", "E": 1773511205222, "a": 3200304223, "s": "BTCUSDT", "p": "70567.70", "q": "0.008", "nq": "0.008", "f": 7436090405, "l": 7436090405, "T": 1773511205067, "m": false}}
{"local_ts": 1773511206404, "server_ts": 1773511206077, "data": {"e": "aggTrade", "E": 1773511206231, "a": 3200304224, "s": "BTCUSDT", "p": "70567.60", "q": "0.002", "nq": "0.002", "f": 7436090406, "l": 7436090406, "T": 1773511206077, "m": true}}
{"local_ts": 1773511206631, "server_ts": 1773511206299, "data": {"e": "aggTrade", "E": 1773511206452, "a": 3200304225, "s": "BTCUSDT", "p": "70567.60", "q": "0.002", "nq": "0.002", "f": 7436090407, "l": 7436090407, "T": 1773511206299, "m": true}}
{"local_ts": 1773511207142, "server_ts": 1773511206818, "data": {"e": "aggTrade", "E": 1773511206971, "a": 3200304226, "s": "BTCUSDT", "p": "70567.60", "q": "0.002", "nq": "0.002", "f": 7436090408, "l": 7436090408, "T": 1773511206818, "m": true}}
{"local_ts": 1773511207544, "server_ts": 1773511207218, "data": {"e": "aggTrade", "E": 1773511207371, "a": 3200304227, "s": "BTCUSDT", "p": "70567.70", "q": "0.042", "nq": "0.042", "f": 7436090409, "l": 7436090417, "T": 1773511207218, "m": false}}
{"local_ts": 1773511207736, "server_ts": 1773511207413, "data": {"e": "aggTrade", "E": 1773511207565, "a": 3200304228, "s": "BTCUSDT", "p": "70567.60", "q": "0.029", "nq": "0.029", "f": 7436090418, "l": 7436090418, "T": 1773511207413, "m": true}}
{"local_ts": 1773511208146, "server_ts": 1773511207822, "data": {"e": "aggTrade", "E": 1773511207974, "a": 3200304229, "s": "BTCUSDT", "p": "70567.60", "q": "0.005", "nq": "0.005", "f": 7436090419, "l": 7436090419, "T": 1773511207822, "m": true}}
{"local_ts": 1773511208697, "server_ts": 1773511208375, "data": {"e": "aggTrade", "E": 1773511208527, "a": 3200304230, "s": "BTCUSDT", "p": "70567.70", "q": "0.003", "nq": "0.003", "f": 7436090420, "l": 7436090420, "T": 1773511208375, "m": false}}
{"local_ts": 1773511210722, "server_ts": 1773511210397, "data": {"e": "aggTrade", "E": 1773511210550, "a": 3200304231, "s": "BTCUSDT", "p": "70567.60", "q": "0.060", "nq": "0.060", "f": 7436090421, "l": 7436090425, "T": 1773511210397, "m": true}}
{"local_ts": 1773511211110, "server_ts": 1773511210783, "data": {"e": "aggTrade", "E": 1773511210936, "a": 3200304232, "s": "BTCUSDT", "p": "70567.70", "q": "0.300", "nq": "0.300", "f": 7436090426, "l": 7436090430, "T": 1773511210783, "m": false}}
{"local_ts": 1773511211525, "server_ts": 1773511211200, "data": {"e": "aggTrade", "E": 1773511211355, "a": 3200304233, "s": "BTCUSDT", "p": "70567.60", "q": "0.004", "nq": "0.004", "f": 7436090431, "l": 7436090431, "T": 1773511211200, "m": true}}
{"local_ts": 1773511211774, "server_ts": 1773511211451, "data": {"e": "aggTrade", "E": 1773511211604, "a": 3200304234, "s": "BTCUSDT", "p": "70567.70", "q": "0.009", "nq": "0.009", "f": 7436090432, "l": 7436090432, "T": 1773511211451, "m": false}}
{"local_ts": 1773511212365, "server_ts": 1773511212130, "data": {"e": "aggTrade", "E": 1773511212192, "a": 3200304235, "s": "BTCUSDT", "p": "70567.70", "q": "0.013", "nq": "0.013", "f": 7436090433, "l": 7436090433, "T": 1773511212130, "m": false}}
{"local_ts": 1773511212516, "server_ts": 1773511212191, "data": {"e": "aggTrade", "E": 1773511212343, "a": 3200304236, "s": "BTCUSDT", "p": "70567.60", "q": "0.011", "nq": "0.011", "f": 7436090434, "l": 7436090434, "T": 1773511212191, "m": true}}
{"local_ts": 1773511212689, "server_ts": 1773511212362, "data": {"e": "aggTrade", "E": 1773511212515, "a": 3200304237, "s": "BTCUSDT", "p": "70567.70", "q": "0.014", "nq": "0.014", "f": 7436090435, "l": 7436090435, "T": 1773511212362, "m": false}}
{"local_ts": 1773511212858, "server_ts": 1773511212531, "data": {"e": "aggTrade", "E": 1773511212685, "a": 3200304238, "s": "BTCUSDT", "p": "70567.70", "q": "0.034", "nq": "0.034", "f": 7436090436, "l": 7436090436, "T": 1773511212531, "m": false}}
{"local_ts": 1773511213100, "server_ts": 1773511212774, "data": {"e": "aggTrade", "E": 1773511212929, "a": 3200304239, "s": "BTCUSDT", "p": "70567.70", "q": "0.095", "nq": "0.095", "f": 7436090437, "l": 7436090437, "T": 1773511212774, "m": false}}
{"local_ts": 1773511213633, "server_ts": 1773511213343, "data": {"e": "aggTrade", "E": 1773511213461, "a": 3200304240, "s": "BTCUSDT", "p": "70567.60", "q": "0.002", "nq": "0.002", "f": 7436090438, "l": 7436090438, "T": 1773511213343, "m": true}}
{"local_ts": 1773511213784, "server_ts": 1773511213459, "data": {"e": "aggTrade", "E": 1773511213612, "a": 3200304241, "s": "BTCUSDT", "p": "70567.70", "q": "0.002", "nq": "0.002", "f": 7436090439, "l": 7436090439, "T": 1773511213459, "m": false}}
{"local_ts": 1773511214426, "server_ts": 1773511214100, "data": {"e": "aggTrade", "E": 1773511214253, "a": 3200304242, "s": "BTCUSDT", "p": "70567.60", "q": "0.022", "nq": "0.022", "f": 7436090440, "l": 7436090441, "T": 1773511214100, "m": true}}
{"local_ts": 1773511214612, "server_ts": 1773511214286, "data": {"e": "aggTrade", "E": 1773511214440, "a": 3200304243, "s": "BTCUSDT", "p": "70567.70", "q": "0.013", "nq": "0.013", "f": 7436090442, "l": 7436090442, "T": 1773511214286, "m": false}}
{"local_ts": 1773511215092, "server_ts": 1773511214768, "data": {"e": "aggTrade", "E": 1773511214921, "a": 3200304244, "s": "BTCUSDT", "p": "70567.60", "q": "0.011", "nq": "0.011", "f": 7436090443, "l": 7436090443, "T": 1773511214768, "m": true}}
{"local_ts": 1773511215284, "server_ts": 1773511214958, "data": {"e": "aggTrade", "E": 1773511215113, "a": 3200304245, "s": "BTCUSDT", "p": "70567.60", "q": "0.003", "nq": "0.003", "f": 7436090444, "l": 7436090444, "T": 1773511214958, "m": true}}
{"local_ts": 1773511216121, "server_ts": 1773511215829, "data": {"e": "aggTrade", "E": 1773511215948, "a": 3200304246, "s": "BTCUSDT", "p": "70567.60", "q": "0.012", "nq": "0.012", "f": 7436090445, "l": 7436090446, "T": 1773511215829, "m": true}}
{"local_ts": 1773511216272, "server_ts": 1773511215946, "data": {"e": "aggTrade", "E": 1773511216099, "a": 3200304247, "s": "BTCUSDT", "p": "70567.70", "q": "0.032", "nq": "0.032", "f": 7436090447, "l": 7436090447, "T": 1773511215946, "m": false}}
{"local_ts": 1773511216673, "server_ts": 1773511216346, "data": {"e": "aggTrade", "E": 1773511216500, "a": 3200304248, "s": "BTCUSDT", "p": "70567.70", "q": "0.006", "nq": "0.006", "f": 7436090448, "l": 7436090448, "T": 1773511216346, "m": false}}
{"local_ts": 1773511217077, "server_ts": 1773511216767, "data": {"e": "aggTrade", "E": 1773511216905, "a": 3200304249, "s": "BTCUSDT", "p": "70567.70", "q": "0.002", "nq": "0.002", "f": 7436090449, "l": 7436090449, "T": 1773511216767, "m": false}}
{"local_ts": 1773511217230, "server_ts": 1773511216903, "data": {"e": "aggTrade", "E": 1773511217056, "a": 3200304250, "s": "BTCUSDT", "p": "70567.60", "q": "0.010", "nq": "0.010", "f": 7436090450, "l": 7436090450, "T": 1773511216903, "m": true}}
{"local_ts": 1773511217449, "server_ts": 1773511217265, "data": {"e": "aggTrade", "E": 1773511217271, "a": 3200304251, "s": "BTCUSDT", "p": "70567.60", "q": "0.727", "nq": "0.727", "f": 7436090451, "l": 7436090473, "T": 1773511217265, "m": true}}
{"local_ts": 1773511217450, "server_ts": 1773511217265, "data": {"e": "aggTrade", "E": 1773511217271, "a": 3200304252, "s": "BTCUSDT", "p": "70567.50", "q": "0.257", "nq": "0.257", "f": 7436090474, "l": 7436090480, "T": 1773511217265, "m": true}}
{"local_ts": 1773511217450, "server_ts": 1773511217266, "data": {"e": "aggTrade", "E": 1773511217272, "a": 3200304253, "s": "BTCUSDT", "p": "70567.40", "q": "0.004", "nq": "0.004", "f": 7436090481, "l": 7436090482, "T": 1773511217266, "m": true}}
{"local_ts": 1773511217451, "server_ts": 1773511217266, "data": {"e": "aggTrade", "E": 1773511217272, "a": 3200304254, "s": "BTCUSDT", "p": "70567.00", "q": "0.009", "nq": "0.009", "f": 7436090483, "l": 7436090486, "T": 1773511217266, "m": true}}
{"local_ts": 1773511217451, "server_ts": 1773511217266, "data": {"e": "aggTrade", "E": 1773511217272, "a": 3200304255, "s": "BTCUSDT", "p": "70566.20", "q": "0.002", "nq": "0.002", "f": 7436090487, "l": 7436090487, "T": 1773511217266, "m": true}}
{"local_ts": 1773511217451, "server_ts": 1773511217266, "data": {"e": "aggTrade", "E": 1773511217272, "a": 3200304256, "s": "BTCUSDT", "p": "70566.10", "q": "0.002", "nq": "0.002", "f": 7436090488, "l": 7436090488, "T": 1773511217266, "m": true}}
{"local_ts": 1773511217452, "server_ts": 1773511217266, "data": {"e": "aggTrade", "E": 1773511217272, "a": 3200304257, "s": "BTCUSDT", "p": "70565.90", "q": "0.006", "nq": "0.006", "f": 7436090489, "l": 7436090491, "T": 1773511217266, "m": true}}
{"local_ts": 1773511217452, "server_ts": 1773511217266, "data": {"e": "aggTrade", "E": 1773511217272, "a": 3200304258, "s": "BTCUSDT", "p": "70565.20", "q": "0.216", "nq": "0.216", "f": 7436090492, "l": 7436090494, "T": 1773511217266, "m": true}}
{"local_ts": 1773511217453, "server_ts": 1773511217266, "data": {"e": "aggTrade", "E": 1773511217272, "a": 3200304259, "s": "BTCUSDT", "p": "70565.00", "q": "0.004", "nq": "0.004", "f": 7436090495, "l": 7436090495, "T": 1773511217266, "m": true}}
{"local_ts": 1773511217453, "server_ts": 1773511217266, "data": {"e": "aggTrade", "E": 1773511217272, "a": 3200304260, "s": "BTCUSDT", "p": "70564.70", "q": "0.001", "nq": "0.001", "f": 7436090496, "l": 7436090496, "T": 1773511217266, "m": true}}
{"local_ts": 1773511217454, "server_ts": 1773511217266, "data": {"e": "aggTrade", "E": 1773511217278, "a": 3200304261, "s": "BTCUSDT", "p": "70564.60", "q": "0.003", "nq": "0.003", "f": 7436090497, "l": 7436090498, "T": 1773511217266, "m": true}}
{"local_ts": 1773511217454, "server_ts": 1773511217272, "data": {"e": "aggTrade", "E": 1773511217278, "a": 3200304262, "s": "BTCUSDT", "p": "70564.50", "q": "0.007", "nq": "0.007", "f": 7436090499, "l": 7436090501, "T": 1773511217272, "m": true}}
{"local_ts": 1773511217455, "server_ts": 1773511217272, "data": {"e": "aggTrade", "E": 1773511217278, "a": 3200304263, "s": "BTCUSDT", "p": "70564.40", "q": "0.005", "nq": "0.005", "f": 7436090502, "l": 7436090504, "T": 1773511217272, "m": true}}
{"local_ts": 1773511217455, "server_ts": 1773511217272, "data": {"e": "aggTrade", "E": 1773511217278, "a": 3200304264, "s": "BTCUSDT", "p": "70564.20", "q": "0.002", "nq": "0.002", "f": 7436090505, "l": 7436090505, "T": 1773511217272, "m": true}}
{"local_ts": 1773511217455, "server_ts": 1773511217272, "data": {"e": "aggTrade", "E": 1773511217282, "a": 3200304265, "s": "BTCUSDT", "p": "70564.00", "q": "0.002", "nq": "0.002", "f": 7436090506, "l": 7436090506, "T": 1773511217272, "m": true}}
{"local_ts": 1773511217458, "server_ts": 1773511217276, "data": {"e": "aggTrade", "E": 1773511217282, "a": 3200304266, "s": "BTCUSDT", "p": "70563.90", "q": "0.065", "nq": "0.065", "f": 7436090507, "l": 7436090509, "T": 1773511217276, "m": true}}
{"local_ts": 1773511217459, "server_ts": 1773511217276, "data": {"e": "aggTrade", "E": 1773511217287, "a": 3200304267, "s": "BTCUSDT", "p": "70563.80", "q": "0.004", "nq": "0.004", "f": 7436090510, "l": 7436090511, "T": 1773511217276, "m": true}}
{"local_ts": 1773511217459, "server_ts": 1773511217281, "data": {"e": "aggTrade", "E": 1773511217287, "a": 3200304268, "s": "BTCUSDT", "p": "70563.60", "q": "0.003", "nq": "0.003", "f": 7436090512, "l": 7436090513, "T": 1773511217281, "m": true}}
{"local_ts": 1773511217460, "server_ts": 1773511217281, "data": {"e": "aggTrade", "E": 1773511217287, "a": 3200304269, "s": "BTCUSDT", "p": "70563.50", "q": "0.009", "nq": "0.009", "f": 7436090514, "l": 7436090517, "T": 1773511217281, "m": true}}
{"local_ts": 1773511217460, "server_ts": 1773511217281, "data": {"e": "aggTrade", "E": 1773511217287, "a": 3200304270, "s": "BTCUSDT", "p": "70563.20", "q": "0.003", "nq": "0.003", "f": 7436090518, "l": 7436090519, "T": 1773511217281, "m": true}}
{"local_ts": 1773511217461, "server_ts": 1773511217281, "data": {"e": "aggTrade", "E": 1773511217287, "a": 3200304271, "s": "BTCUSDT", "p": "70563.10", "q": "0.005", "nq": "0.005", "f": 7436090520, "l": 7436090521, "T": 1773511217281, "m": true}}
{"local_ts": 1773511217480, "server_ts": 1773511217281, "data": {"e": "aggTrade", "E": 1773511217307, "a": 3200304272, "s": "BTCUSDT", "p": "70563.00", "q": "0.002", "nq": "0.002", "f": 7436090522, "l": 7436090522, "T": 1773511217281, "m": true}}
{"local_ts": 1773511217480, "server_ts": 1773511217300, "data": {"e": "aggTrade", "E": 1773511217307, "a": 3200304273, "s": "BTCUSDT", "p": "70562.80", "q": "0.004", "nq": "0.004", "f": 7436090523, "l": 7436090524, "T": 1773511217300, "m": true}}
{"local_ts": 1773511217482, "server_ts": 1773511217300, "data": {"e": "aggTrade", "E": 1773511217310, "a": 3200304274, "s": "BTCUSDT", "p": "70562.70", "q": "0.002", "nq": "0.002", "f": 7436090525, "l": 7436090525, "T": 1773511217300, "m": true}}
{"local_ts": 1773511217483, "server_ts": 1773511217304, "data": {"e": "aggTrade", "E": 1773511217310, "a": 3200304275, "s": "BTCUSDT", "p": "70562.60", "q": "0.003", "nq": "0.003", "f": 7436090526, "l": 7436090526, "T": 1773511217304, "m": true}}
{"local_ts": 1773511217483, "server_ts": 1773511217304, "data": {"e": "aggTrade", "E": 1773511217310, "a": 3200304276, "s": "BTCUSDT", "p": "70562.50", "q": "0.003", "nq": "0.003", "f": 7436090527, "l": 7436090528, "T": 1773511217304, "m": true}}
{"local_ts": 1773511217484, "server_ts": 1773511217304, "data": {"e": "aggTrade", "E": 1773511217310, "a": 3200304277, "s": "BTCUSDT", "p": "70562.40", "q": "0.001", "nq": "0.001", "f": 7436090529, "l": 7436090529, "T": 1773511217304, "m": true}}
{"local_ts": 1773511217484, "server_ts": 1773511217304, "data": {"e": "aggTrade", "E": 1773511217310, "a": 3200304278, "s": "BTCUSDT", "p": "70562.20", "q": "0.004", "nq": "0.004", "f": 7436090530, "l": 7436090531, "T": 1773511217304, "m": true}}
{"local_ts": 1773511217484, "server_ts": 1773511217304, "data": {"e": "aggTrade", "E": 1773511217310, "a": 3200304279, "s": "BTCUSDT", "p": "70562.10", "q": "0.002", "nq": "0.002", "f": 7436090532, "l": 7436090532, "T": 1773511217304, "m": true}}
{"local_ts": 1773511217636, "server_ts": 1773511217304, "data": {"e": "aggTrade", "E": 1773511217461, "a": 3200304280, "s": "BTCUSDT", "p": "70562.00", "q": "0.010", "nq": "0.010", "f": 7436090533, "l": 7436090534, "T": 1773511217304, "m": true}}
{"local_ts": 1773511217740, "server_ts": 1773511217477, "data": {"e": "aggTrade", "E": 1773511217569, "a": 3200304281, "s": "BTCUSDT", "p": "70562.10", "q": "0.031", "nq": "0.031", "f": 7436090535, "l": 7436090536, "T": 1773511217477, "m": false}}
{"local_ts": 1773511217891, "server_ts": 1773511217566, "data": {"e": "aggTrade", "E": 1773511217720, "a": 3200304282, "s": "BTCUSDT", "p": "70562.00", "q": "0.002", "nq": "0.002", "f": 7436090537, "l": 7436090537, "T": 1773511217566, "m": true}}
{"local_ts": 1773511218558, "server_ts": 1773511218245, "data": {"e": "aggTrade", "E": 1773511218387, "a": 3200304283, "s": "BTCUSDT", "p": "70562.10", "q": "0.002", "nq": "0.002", "f": 7436090538, "l": 7436090538, "T": 1773511218245, "m": false}}
{"local_ts": 1773511218708, "server_ts": 1773511218385, "data": {"e": "aggTrade", "E": 1773511218538, "a": 3200304284, "s": "BTCUSDT", "p": "70562.00", "q": "0.002", "nq": "0.002", "f": 7436090539, "l": 7436090540, "T": 1773511218385, "m": true}}
{"local_ts": 1773511219456, "server_ts": 1773511219279, "data": {"e": "aggTrade", "E": 1773511219283, "a": 3200304285, "s": "BTCUSDT", "p": "70562.00", "q": "0.237", "nq": "0.237", "f": 7436090541, "l": 7436090552, "T": 1773511219279, "m": true}}
{"local_ts": 1773511219459, "server_ts": 1773511219279, "data": {"e": "aggTrade", "E": 1773511219283, "a": 3200304286, "s": "BTCUSDT", "p": "70561.90", "q": "0.002", "nq": "0.002", "f": 7436090553, "l": 7436090553, "T": 1773511219279, "m": true}}
{"local_ts": 1773511219459, "server_ts": 1773511219279, "data": {"e": "aggTrade", "E": 1773511219283, "a": 3200304287, "s": "BTCUSDT", "p": "70561.80", "q": "0.007", "nq": "0.007", "f": 7436090554, "l": 7436090559, "T": 1773511219279, "m": true}}
{"local_ts": 1773511219460, "server_ts": 1773511219279, "data": {"e": "aggTrade", "E": 1773511219283, "a": 3200304288, "s": "BTCUSDT", "p": "70561.70", "q": "0.004", "nq": "0.004", "f": 7436090560, "l": 7436090563, "T": 1773511219279, "m": true}}
{"local_ts": 1773511219460, "server_ts": 1773511219279, "data": {"e": "aggTrade", "E": 1773511219284, "a": 3200304289, "s": "BTCUSDT", "p": "70561.10", "q": "0.005", "nq": "0.005", "f": 7436090564, "l": 7436090564, "T": 1773511219279, "m": true}}
{"local_ts": 1773511219460, "server_ts": 1773511219280, "data": {"e": "aggTrade", "E": 1773511219284, "a": 3200304290, "s": "BTCUSDT", "p": "70560.90", "q": "0.012", "nq": "0.012", "f": 7436090565, "l": 7436090567, "T": 1773511219280, "m": true}}
{"local_ts": 1773511219461, "server_ts": 1773511219280, "data": {"e": "aggTrade", "E": 1773511219284, "a": 3200304291, "s": "BTCUSDT", "p": "70560.80", "q": "0.001", "nq": "0.001", "f": 7436090568, "l": 7436090568, "T": 1773511219280, "m": true}}
{"local_ts": 1773511219461, "server_ts": 1773511219280, "data": {"e": "aggTrade", "E": 1773511219284, "a": 3200304292, "s": "BTCUSDT", "p": "70560.70", "q": "0.007", "nq": "0.007", "f": 7436090569, "l": 7436090570, "T": 1773511219280, "m": true}}
{"local_ts": 1773511219461, "server_ts": 1773511219280, "data": {"e": "aggTrade", "E": 1773511219284, "a": 3200304293, "s": "BTCUSDT", "p": "70560.60", "q": "0.001", "nq": "0.001", "f": 7436090571, "l": 7436090571, "T": 1773511219280, "m": true}}
{"local_ts": 1773511219462, "server_ts": 1773511219280, "data": {"e": "aggTrade", "E": 1773511219284, "a": 3200304294, "s": "BTCUSDT", "p": "70560.30", "q": "0.003", "nq": "0.003", "f": 7436090572, "l": 7436090572, "T": 1773511219280, "m": true}}
{"local_ts": 1773511219462, "server_ts": 1773511219280, "data": {"e": "aggTrade", "E": 1773511219284, "a": 3200304295, "s": "BTCUSDT", "p": "70560.10", "q": "0.006", "nq": "0.006", "f": 7436090573, "l": 7436090573, "T": 1773511219280, "m": true}}
{"local_ts": 1773511219462, "server_ts": 1773511219280, "data": {"e": "aggTrade", "E": 1773511219284, "a": 3200304296, "s": "BTCUSDT", "p": "70560.00", "q": "0.084", "nq": "0.084", "f": 7436090574, "l": 7436090580, "T": 1773511219280, "m": true}}
{"local_ts": 1773511219463, "server_ts": 1773511219280, "data": {"e": "aggTrade", "E": 1773511219284, "a": 3200304297, "s": "BTCUSDT", "p": "70559.80", "q": "0.002", "nq": "0.002", "f": 7436090581, "l": 7436090581, "T": 1773511219280, "m": true}}
{"local_ts": 1773511219463, "server_ts": 1773511219280, "data": {"e": "aggTrade", "E": 1773511219286, "a": 3200304298, "s": "BTCUSDT", "p": "70559.70", "q": "0.003", "nq": "0.003", "f": 7436090582, "l": 7436090583, "T": 1773511219280, "m": true}}
{"local_ts": 1773511219464, "server_ts": 1773511219280, "data": {"e": "aggTrade", "E": 1773511219286, "a": 3200304299, "s": "BTCUSDT", "p": "70559.50", "q": "0.003", "nq": "0.003", "f": 7436090584, "l": 7436090584, "T": 1773511219280, "m": true}}
{"local_ts": 1773511219464, "server_ts": 1773511219280, "data": {"e": "aggTrade", "E": 1773511219286, "a": 3200304300, "s": "BTCUSDT", "p": "70559.40", "q": "0.001", "nq": "0.001", "f": 7436090585, "l": 7436090585, "T": 1773511219280, "m": true}}
{"local_ts": 1773511219464, "server_ts": 1773511219280, "data": {"e": "aggTrade", "E": 1773511219286, "a": 3200304301, "s": "BTCUSDT", "p": "70559.20", "q": "0.001", "nq": "0.001", "f": 7436090586, "l": 7436090586, "T": 1773511219280, "m": true}}
{"local_ts": 1773511219465, "server_ts": 1773511219280, "data": {"e": "aggTrade", "E": 1773511219286, "a": 3200304302, "s": "BTCUSDT", "p": "70559.10", "q": "0.001", "nq": "0.001", "f": 7436090587, "l": 7436090587, "T": 1773511219280, "m": true}}
{"local_ts": 1773511219465, "server_ts": 1773511219280, "data": {"e": "aggTrade", "E": 1773511219287, "a": 3200304303, "s": "BTCUSDT", "p": "70558.90", "q": "0.005", "nq": "0.005", "f": 7436090588, "l": 7436090590, "T": 1773511219280, "m": true}}
{"local_ts": 1773511219465, "server_ts": 1773511219280, "data": {"e": "aggTrade", "E": 1773511219287, "a": 3200304304, "s": "BTCUSDT", "p": "70558.80", "q": "0.003", "nq": "0.003", "f": 7436090591, "l": 7436090591, "T": 1773511219280, "m": true}}
{"local_ts": 1773511219466, "server_ts": 1773511219281, "data": {"e": "aggTrade", "E": 1773511219287, "a": 3200304305, "s": "BTCUSDT", "p": "70558.70", "q": "0.001", "nq": "0.001", "f": 7436090592, "l": 7436090592, "T": 1773511219281, "m": true}}
{"local_ts": 1773511219466, "server_ts": 1773511219281, "data": {"e": "aggTrade", "E": 1773511219287, "a": 3200304306, "s": "BTCUSDT", "p": "70558.60", "q": "0.004", "nq": "0.004", "f": 7436090593, "l": 7436090594, "T": 1773511219281, "m": true}}
{"local_ts": 1773511219466, "server_ts": 1773511219281, "data": {"e": "aggTrade", "E": 1773511219287, "a": 3200304307, "s": "BTCUSDT", "p": "70558.50", "q": "0.003", "nq": "0.003", "f": 7436090595, "l": 7436090595, "T": 1773511219281, "m": true}}
{"local_ts": 1773511219467, "server_ts": 1773511219281, "data": {"e": "aggTrade", "E": 1773511219287, "a": 3200304308, "s": "BTCUSDT", "p": "70558.40", "q": "0.213", "nq": "0.213", "f": 7436090596, "l": 7436090598, "T": 1773511219281, "m": true}}
{"local_ts": 1773511219467, "server_ts": 1773511219281, "data": {"e": "aggTrade", "E": 1773511219291, "a": 3200304309, "s": "BTCUSDT", "p": "70558.30", "q": "0.020", "nq": "0.020", "f": 7436090599, "l": 7436090602, "T": 1773511219281, "m": true}}
{"local_ts": 1773511219468, "server_ts": 1773511219284, "data": {"e": "aggTrade", "E": 1773511219291, "a": 3200304310, "s": "BTCUSDT", "p": "70558.20", "q": "0.003", "nq": "0.003", "f": 7436090603, "l": 7436090604, "T": 1773511219284, "m": true}}
{"local_ts": 1773511219468, "server_ts": 1773511219284, "data": {"e": "aggTrade", "E": 1773511219291, "a": 3200304311, "s": "BTCUSDT", "p": "70557.90", "q": "0.006", "nq": "0.006", "f": 7436090605, "l": 7436090606, "T": 1773511219284, "m": true}}
{"local_ts": 1773511219468, "server_ts": 1773511219284, "data": {"e": "aggTrade", "E": 1773511219291, "a": 3200304312, "s": "BTCUSDT", "p": "70557.80", "q": "0.004", "nq": "0.004", "f": 7436090607, "l": 7436090608, "T": 1773511219284, "m": true}}
{"local_ts": 1773511219469, "server_ts": 1773511219284, "data": {"e": "aggTrade", "E": 1773511219291, "a": 3200304313, "s": "BTCUSDT", "p": "70557.70", "q": "0.001", "nq": "0.001", "f": 7436090609, "l": 7436090609, "T": 1773511219284, "m": true}}
{"local_ts": 1773511219469, "server_ts": 1773511219284, "data": {"e": "aggTrade", "E": 1773511219291, "a": 3200304314, "s": "BTCUSDT", "p": "70557.60", "q": "0.005", "nq": "0.005", "f": 7436090610, "l": 7436090610, "T": 1773511219284, "m": true}}
{"local_ts": 1773511219470, "server_ts": 1773511219284, "data": {"e": "aggTrade", "E": 1773511219291, "a": 3200304315, "s": "BTCUSDT", "p": "70557.50", "q": "0.002", "nq": "0.002", "f": 7436090611, "l": 7436090611, "T": 1773511219284, "m": true}}
{"local_ts": 1773511219470, "server_ts": 1773511219284, "data": {"e": "aggTrade", "E": 1773511219291, "a": 3200304316, "s": "BTCUSDT", "p": "70557.30", "q": "0.001", "nq": "0.001", "f": 7436090612, "l": 7436090612, "T": 1773511219284, "m": true}}
{"local_ts": 1773511219470, "server_ts": 1773511219284, "data": {"e": "aggTrade", "E": 1773511219293, "a": 3200304317, "s": "BTCUSDT", "p": "70557.10", "q": "0.123", "nq": "0.123", "f": 7436090613, "l": 7436090616, "T": 1773511219284, "m": true}}
{"local_ts": 1773511219471, "server_ts": 1773511219285, "data": {"e": "aggTrade", "E": 1773511219293, "a": 3200304318, "s": "BTCUSDT", "p": "70557.00", "q": "0.003", "nq": "0.003", "f": 7436090617, "l": 7436090618, "T": 1773511219285, "m": true}}
{"local_ts": 1773511219490, "server_ts": 1773511219285, "data": {"e": "aggTrade", "E": 1773511219314, "a": 3200304319, "s": "BTCUSDT", "p": "70556.80", "q": "0.003", "nq": "0.003", "f": 7436090619, "l": 7436090620, "T": 1773511219285, "m": true}}
{"local_ts": 1773511219539, "server_ts": 1773511219304, "data": {"e": "aggTrade", "E": 1773511219366, "a": 3200304320, "s": "BTCUSDT", "p": "70556.60", "q": "0.091", "nq": "0.091", "f": 7436090621, "l": 7436090630, "T": 1773511219304, "m": true}}
{"local_ts": 1773511219550, "server_ts": 1773511219354, "data": {"e": "aggTrade", "E": 1773511219375, "a": 3200304321, "s": "BTCUSDT", "p": "70556.50", "q": "0.008", "nq": "0.008", "f": 7436090631, "l": 7436090634, "T": 1773511219354, "m": true}}
{"local_ts": 1773511219550, "server_ts": 1773511219364, "data": {"e": "aggTrade", "E": 1773511219375, "a": 3200304322, "s": "BTCUSDT", "p": "70556.40", "q": "0.006", "nq": "0.006", "f": 7436090635, "l": 7436090637, "T": 1773511219364, "m": true}}
{"local_ts": 1773511219551, "server_ts": 1773511219364, "data": {"e": "aggTrade", "E": 1773511219375, "a": 3200304323, "s": "BTCUSDT", "p": "70556.20", "q": "0.003", "nq": "0.003", "f": 7436090638, "l": 7436090638, "T": 1773511219364, "m": true}}
{"local_ts": 1773511219551, "server_ts": 1773511219364, "data": {"e": "aggTrade", "E": 1773511219375, "a": 3200304324, "s": "BTCUSDT", "p": "70556.00", "q": "0.003", "nq": "0.003", "f": 7436090639, "l": 7436090639, "T": 1773511219364, "m": true}}
{"local_ts": 1773511219551, "server_ts": 1773511219364, "data": {"e": "aggTrade", "E": 1773511219375, "a": 3200304325, "s": "BTCUSDT", "p": "70555.70", "q": "0.002", "nq": "0.002", "f": 7436090640, "l": 7436090640, "T": 1773511219364, "m": true}}
{"local_ts": 1773511219559, "server_ts": 1773511219364, "data": {"e": "aggTrade", "E": 1773511219388, "a": 3200304326, "s": "BTCUSDT", "p": "70555.60", "q": "0.001", "nq": "0.001", "f": 7436090641, "l": 7436090641, "T": 1773511219364, "m": true}}
{"local_ts": 1773511219561, "server_ts": 1773511219377, "data": {"e": "aggTrade", "E": 1773511219391, "a": 3200304327, "s": "BTCUSDT", "p": "70555.50", "q": "0.003", "nq": "0.003", "f": 7436090642, "l": 7436090642, "T": 1773511219377, "m": true}}
{"local_ts": 1773511219562, "server_ts": 1773511219380, "data": {"e": "aggTrade", "E": 1773511219392, "a": 3200304328, "s": "BTCUSDT", "p": "70555.40", "q": "0.006", "nq": "0.006", "f": 7436090643, "l": 7436090643, "T": 1773511219380, "m": false}}
{"local_ts": 1773511219584, "server_ts": 1773511219382, "data": {"e": "aggTrade", "E": 1773511219411, "a": 3200304329, "s": "BTCUSDT", "p": "70555.30", "q": "0.002", "nq": "0.002", "f": 7436090644, "l": 7436090644, "T": 1773511219382, "m": true}}
{"local_ts": 1773511219585, "server_ts": 1773511219395, "data": {"e": "aggTrade", "E": 1773511219411, "a": 3200304330, "s": "BTCUSDT", "p": "70555.20", "q": "0.052", "nq": "0.052", "f": 7436090645, "l": 7436090646, "T": 1773511219395, "m": true}}
{"local_ts": 1773511219585, "server_ts": 1773511219395, "data": {"e": "aggTrade", "E": 1773511219412, "a": 3200304331, "s": "BTCUSDT", "p": "70555.10", "q": "0.001", "nq": "0.001", "f": 7436090647, "l": 7436090647, "T": 1773511219395, "m": true}}
{"local_ts": 1773511219586, "server_ts": 1773511219396, "data": {"e": "aggTrade", "E": 1773511219412, "a": 3200304332, "s": "BTCUSDT", "p": "70555.00", "q": "0.052", "nq": "0.052", "f": 7436090648, "l": 7436090651, "T": 1773511219396, "m": true}}
{"local_ts": 1773511219590, "server_ts": 1773511219397, "data": {"e": "aggTrade", "E": 1773511219417, "a": 3200304333, "s": "BTCUSDT", "p": "70554.80", "q": "0.001", "nq": "0.001", "f": 7436090652, "l": 7436090652, "T": 1773511219397, "m": true}}
{"local_ts": 1773511219591, "server_ts": 1773511219400, "data": {"e": "aggTrade", "E": 1773511219418, "a": 3200304334, "s": "BTCUSDT", "p": "70554.70", "q": "0.005", "nq": "0.005", "f": 7436090653, "l": 7436090653, "T": 1773511219400, "m": false}}
{"local_ts": 1773511219591, "server_ts": 1773511219400, "data": {"e": "aggTrade", "E": 1773511219418, "a": 3200304335, "s": "BTCUSDT", "p": "70554.60", "q": "0.002", "nq": "0.002", "f": 7436090654, "l": 7436090654, "T": 1773511219400, "m": true}}
{"local_ts": 1773511219609, "server_ts": 1773511219400, "data": {"e": "aggTrade", "E": 1773511219429, "a": 3200304336, "s": "BTCUSDT", "p": "70554.40", "q": "0.003", "nq": "0.003", "f": 7436090655, "l": 7436090656, "T": 1773511219400, "m": true}}
{"local_ts": 1773511219609, "server_ts": 1773511219411, "data": {"e": "aggTrade", "E": 1773511219429, "a": 3200304337, "s": "BTCUSDT", "p": "70554.30", "q": "0.003", "nq": "0.003", "f": 7436090657, "l": 7436090657, "T": 1773511219411, "m": true}}
{"local_ts": 1773511219609, "server_ts": 1773511219411, "data": {"e": "aggTrade", "E": 1773511219429, "a": 3200304338, "s": "BTCUSDT", "p": "70554.20", "q": "0.002", "nq": "0.002", "f": 7436090658, "l": 7436090658, "T": 1773511219411, "m": true}}
{"local_ts": 1773511219610, "server_ts": 1773511219411, "data": {"e": "aggTrade", "E": 1773511219431, "a": 3200304339, "s": "BTCUSDT", "p": "70554.00", "q": "0.006", "nq": "0.006", "f": 7436090659, "l": 7436090661, "T": 1773511219411, "m": true}}
{"local_ts": 1773511219610, "server_ts": 1773511219413, "data": {"e": "aggTrade", "E": 1773511219435, "a": 3200304340, "s": "BTCUSDT", "p": "70554.00", "q": "0.079", "nq": "0.079", "f": 7436090662, "l": 7436090662, "T": 1773511219413, "m": false}}
{"local_ts": 1773511219617, "server_ts": 1773511219415, "data": {"e": "aggTrade", "E": 1773511219442, "a": 3200304341, "s": "BTCUSDT", "p": "70553.80", "q": "0.002", "nq": "0.002", "f": 7436090663, "l": 7436090663, "T": 1773511219415, "m": true}}
{"local_ts": 1773511219618, "server_ts": 1773511219422, "data": {"e": "aggTrade", "E": 1773511219442, "a": 3200304342, "s": "BTCUSDT", "p": "70553.70", "q": "0.001", "nq": "0.001", "f": 7436090664, "l": 7436090664, "T": 1773511219422, "m": true}}
{"local_ts": 1773511219618, "server_ts": 1773511219422, "data": {"e": "aggTrade", "E": 1773511219442, "a": 3200304343, "s": "BTCUSDT", "p": "70553.60", "q": "0.004", "nq": "0.004", "f": 7436090665, "l": 7436090666, "T": 1773511219422, "m": true}}
{"local_ts": 1773511219619, "server_ts": 1773511219422, "data": {"e": "aggTrade", "E": 1773511219442, "a": 3200304344, "s": "BTCUSDT", "p": "70553.40", "q": "0.001", "nq": "0.001", "f": 7436090667, "l": 7436090667, "T": 1773511219422, "m": true}}
{"local_ts": 1773511219661, "server_ts": 1773511219422, "data": {"e": "aggTrade", "E": 1773511219488, "a": 3200304345, "s": "BTCUSDT", "p": "70553.20", "q": "0.001", "nq": "0.001", "f": 7436090668, "l": 7436090668, "T": 1773511219422, "m": true}}
{"local_ts": 1773511219669, "server_ts": 1773511219472, "data": {"e": "aggTrade", "E": 1773511219496, "a": 3200304346, "s": "BTCUSDT", "p": "70553.10", "q": "0.005", "nq": "0.005", "f": 7436090669, "l": 7436090670, "T": 1773511219472, "m": true}}
{"local_ts": 1773511219670, "server_ts": 1773511219481, "data": {"e": "aggTrade", "E": 1773511219496, "a": 3200304347, "s": "BTCUSDT", "p": "70553.00", "q": "0.004", "nq": "0.004", "f": 7436090671, "l": 7436090672, "T": 1773511219481, "m": true}}
{"local_ts": 1773511219670, "server_ts": 1773511219481, "data": {"e": "aggTrade", "E": 1773511219498, "a": 3200304348, "s": "BTCUSDT", "p": "70552.90", "q": "0.003", "nq": "0.003", "f": 7436090673, "l": 7436090674, "T": 1773511219481, "m": true}}
{"local_ts": 1773511219672, "server_ts": 1773511219482, "data": {"e": "aggTrade", "E": 1773511219498, "a": 3200304349, "s": "BTCUSDT", "p": "70552.80", "q": "0.003", "nq": "0.003", "f": 7436090675, "l": 7436090676, "T": 1773511219482, "m": true}}
{"local_ts": 1773511219672, "server_ts": 1773511219482, "data": {"e": "aggTrade", "E": 1773511219498, "a": 3200304350, "s": "BTCUSDT", "p": "70552.60", "q": "0.003", "nq": "0.003", "f": 7436090677, "l": 7436090678, "T": 1773511219482, "m": true}}
{"local_ts": 1773511219672, "server_ts": 1773511219482, "data": {"e": "aggTrade", "E": 1773511219498, "a": 3200304351, "s": "BTCUSDT", "p": "70552.50", "q": "0.002", "nq": "0.002", "f": 7436090679, "l": 7436090679, "T": 1773511219482, "m": true}}
{"local_ts": 1773511219673, "server_ts": 1773511219482, "data": {"e": "aggTrade", "E": 1773511219498, "a": 3200304352, "s": "BTCUSDT", "p": "70552.20", "q": "0.001", "nq": "0.001", "f": 7436090680, "l": 7436090680, "T": 1773511219482, "m": true}}
{"local_ts": 1773511219673, "server_ts": 1773511219482, "data": {"e": "aggTrade", "E": 1773511219498, "a": 3200304353, "s": "BTCUSDT", "p": "70552.10", "q": "0.001", "nq": "0.001", "f": 7436090681, "l": 7436090681, "T": 1773511219482, "m": true}}
{"local_ts": 1773511219673, "server_ts": 1773511219482, "data": {"e": "aggTrade", "E": 1773511219498, "a": 3200304354, "s": "BTCUSDT", "p": "70551.80", "q": "0.002", "nq": "0.002", "f": 7436090682, "l": 7436090682, "T": 1773511219482, "m": true}}
{"local_ts": 1773511219674, "server_ts": 1773511219483, "data": {"e": "aggTrade", "E": 1773511219498, "a": 3200304355, "s": "BTCUSDT", "p": "70551.70", "q": "0.001", "nq": "0.001", "f": 7436090683, "l": 7436090683, "T": 1773511219483, "m": true}}
{"local_ts": 1773511219674, "server_ts": 1773511219483, "data": {"e": "aggTrade", "E": 1773511219498, "a": 3200304356, "s": "BTCUSDT", "p": "70551.40", "q": "0.003", "nq": "0.003", "f": 7436090684, "l": 7436090685, "T": 1773511219483, "m": true}}
{"local_ts": 1773511219674, "server_ts": 1773511219483, "data": {"e": "aggTrade", "E": 1773511219498, "a": 3200304357, "s": "BTCUSDT", "p": "70551.20", "q": "0.003", "nq": "0.003", "f": 7436090686, "l": 7436090686, "T": 1773511219483, "m": true}}
{"local_ts": 1773511219675, "server_ts": 1773511219483, "data": {"e": "aggTrade", "E": 1773511219498, "a": 3200304358, "s": "BTCUSDT", "p": "70551.00", "q": "0.011", "nq": "0.011", "f": 7436090687, "l": 7436090691, "T": 1773511219483, "m": true}}
{"local_ts": 1773511219675, "server_ts": 1773511219483, "data": {"e": "aggTrade", "E": 1773511219499, "a": 3200304359, "s": "BTCUSDT", "p": "70550.80", "q": "0.003", "nq": "0.003", "f": 7436090692, "l": 7436090692, "T": 1773511219483, "m": true}}
{"local_ts": 1773511219675, "server_ts": 1773511219483, "data": {"e": "aggTrade", "E": 1773511219499, "a": 3200304360, "s": "BTCUSDT", "p": "70550.70", "q": "0.003", "nq": "0.003", "f": 7436090693, "l": 7436090694, "T": 1773511219483, "m": true}}
{"local_ts": 1773511219676, "server_ts": 1773511219483, "data": {"e": "aggTrade", "E": 1773511219499, "a": 3200304361, "s": "BTCUSDT", "p": "70550.60", "q": "0.003", "nq": "0.003", "f": 7436090695, "l": 7436090695, "T": 1773511219483, "m": true}}
{"local_ts": 1773511219676, "server_ts": 1773511219483, "data": {"e": "aggTrade", "E": 1773511219499, "a": 3200304362, "s": "BTCUSDT", "p": "70550.30", "q": "0.010", "nq": "0.010", "f": 7436090696, "l": 7436090697, "T": 1773511219483, "m": true}}
{"local_ts": 1773511219676, "server_ts": 1773511219483, "data": {"e": "aggTrade", "E": 1773511219499, "a": 3200304363, "s": "BTCUSDT", "p": "70550.20", "q": "0.002", "nq": "0.002", "f": 7436090698, "l": 7436090698, "T": 1773511219483, "m": true}}
{"local_ts": 1773511219677, "server_ts": 1773511219483, "data": {"e": "aggTrade", "E": 1773511219499, "a": 3200304364, "s": "BTCUSDT", "p": "70550.10", "q": "0.004", "nq": "0.004", "f": 7436090699, "l": 7436090700, "T": 1773511219483, "m": true}}
{"local_ts": 1773511219677, "server_ts": 1773511219483, "data": {"e": "aggTrade", "E": 1773511219499, "a": 3200304365, "s": "BTCUSDT", "p": "70550.00", "q": "0.076", "nq": "0.076", "f": 7436090701, "l": 7436090706, "T": 1773511219483, "m": true}}
{"local_ts": 1773511219677, "server_ts": 1773511219483, "data": {"e": "aggTrade", "E": 1773511219499, "a": 3200304366, "s": "BTCUSDT", "p": "70549.90", "q": "0.005", "nq": "0.005", "f": 7436090707, "l": 7436090708, "T": 1773511219483, "m": true}}
{"local_ts": 1773511219678, "server_ts": 1773511219483, "data": {"e": "aggTrade", "E": 1773511219500, "a": 3200304367, "s": "BTCUSDT", "p": "70549.80", "q": "0.003", "nq": "0.003", "f": 7436090709, "l": 7436090710, "T": 1773511219483, "m": true}}
{"local_ts": 1773511219678, "server_ts": 1773511219484, "data": {"e": "aggTrade", "E": 1773511219500, "a": 3200304368, "s": "BTCUSDT", "p": "70549.70", "q": "0.002", "nq": "0.002", "f": 7436090711, "l": 7436090711, "T": 1773511219484, "m": true}}
{"local_ts": 1773511219678, "server_ts": 1773511219484, "data": {"e": "aggTrade", "E": 1773511219500, "a": 3200304369, "s": "BTCUSDT", "p": "70549.60", "q": "0.009", "nq": "0.009", "f": 7436090712, "l": 7436090715, "T": 1773511219484, "m": true}}
{"local_ts": 1773511219679, "server_ts": 1773511219484, "data": {"e": "aggTrade", "E": 1773511219503, "a": 3200304370, "s": "BTCUSDT", "p": "70549.50", "q": "0.009", "nq": "0.009", "f": 7436090716, "l": 7436090720, "T": 1773511219484, "m": true}}
{"local_ts": 1773511219679, "server_ts": 1773511219487, "data": {"e": "aggTrade", "E": 1773511219503, "a": 3200304371, "s": "BTCUSDT", "p": "70549.40", "q": "0.001", "nq": "0.001", "f": 7436090721, "l": 7436090721, "T": 1773511219487, "m": true}}
{"local_ts": 1773511219679, "server_ts": 1773511219487, "data": {"e": "aggTrade", "E": 1773511219503, "a": 3200304372, "s": "BTCUSDT", "p": "70549.20", "q": "0.005", "nq": "0.005", "f": 7436090722, "l": 7436090723, "T": 1773511219487, "m": true}}
{"local_ts": 1773511219680, "server_ts": 1773511219487, "data": {"e": "aggTrade", "E": 1773511219503, "a": 3200304373, "s": "BTCUSDT", "p": "70549.10", "q": "0.002", "nq": "0.002", "f": 7436090724, "l": 7436090724, "T": 1773511219487, "m": true}}
{"local_ts": 1773511219690, "server_ts": 1773511219487, "data": {"e": "aggTrade", "E": 1773511219518, "a": 3200304374, "s": "BTCUSDT", "p": "70549.00", "q": "0.063", "nq": "0.063", "f": 7436090725, "l": 7436090727, "T": 1773511219487, "m": true}}
{"local_ts": 1773511219691, "server_ts": 1773511219498, "data": {"e": "aggTrade", "E": 1773511219518, "a": 3200304375, "s": "BTCUSDT", "p": "70548.80", "q": "0.002", "nq": "0.002", "f": 7436090728, "l": 7436090728, "T": 1773511219498, "m": true}}
{"local_ts": 1773511219692, "server_ts": 1773511219498, "data": {"e": "aggTrade", "E": 1773511219518, "a": 3200304376, "s": "BTCUSDT", "p": "70548.70", "q": "0.054", "nq": "0.054", "f": 7436090729, "l": 7436090733, "T": 1773511219498, "m": true}}
{"local_ts": 1773511219692, "server_ts": 1773511219498, "data": {"e": "aggTrade", "E": 1773511219518, "a": 3200304377, "s": "BTCUSDT", "p": "70548.60", "q": "0.003", "nq": "0.003", "f": 7436090734, "l": 7436090734, "T": 1773511219498, "m": true}}
{"local_ts": 1773511219692, "server_ts": 1773511219498, "data": {"e": "aggTrade", "E": 1773511219518, "a": 3200304378, "s": "BTCUSDT", "p": "70548.50", "q": "0.001", "nq": "0.001", "f": 7436090735, "l": 7436090735, "T": 1773511219498, "m": true}}
{"local_ts": 1773511219693, "server_ts": 1773511219498, "data": {"e": "aggTrade", "E": 1773511219518, "a": 3200304379, "s": "BTCUSDT", "p": "70548.20", "q": "0.045", "nq": "0.045", "f": 7436090736, "l": 7436090740, "T": 1773511219498, "m": true}}
{"local_ts": 1773511219693, "server_ts": 1773511219498, "data": {"e": "aggTrade", "E": 1773511219518, "a": 3200304380, "s": "BTCUSDT", "p": "70548.10", "q": "0.008", "nq": "0.008", "f": 7436090741, "l": 7436090742, "T": 1773511219498, "m": true}}
{"local_ts": 1773511219693, "server_ts": 1773511219498, "data": {"e": "aggTrade", "E": 1773511219518, "a": 3200304381, "s": "BTCUSDT", "p": "70548.00", "q": "0.004", "nq": "0.004", "f": 7436090743, "l": 7436090744, "T": 1773511219498, "m": true}}
{"local_ts": 1773511219694, "server_ts": 1773511219499, "data": {"e": "aggTrade", "E": 1773511219518, "a": 3200304382, "s": "BTCUSDT", "p": "70547.90", "q": "0.045", "nq": "0.045", "f": 7436090745, "l": 7436090746, "T": 1773511219499, "m": true}}
{"local_ts": 1773511219694, "server_ts": 1773511219499, "data": {"e": "aggTrade", "E": 1773511219518, "a": 3200304383, "s": "BTCUSDT", "p": "70547.80", "q": "0.008", "nq": "0.008", "f": 7436090747, "l": 7436090750, "T": 1773511219499, "m": true}}
{"local_ts": 1773511219694, "server_ts": 1773511219500, "data": {"e": "aggTrade", "E": 1773511219519, "a": 3200304384, "s": "BTCUSDT", "p": "70547.50", "q": "0.117", "nq": "0.117", "f": 7436090751, "l": 7436090753, "T": 1773511219500, "m": true}}
{"local_ts": 1773511219727, "server_ts": 1773511219501, "data": {"e": "aggTrade", "E": 1773511219553, "a": 3200304385, "s": "BTCUSDT", "p": "70547.50", "q": "0.033", "nq": "0.033", "f": 7436090754, "l": 7436090754, "T": 1773511219501, "m": false}}
{"local_ts": 1773511219736, "server_ts": 1773511219536, "data": {"e": "aggTrade", "E": 1773511219560, "a": 3200304386, "s": "BTCUSDT", "p": "70547.40", "q": "0.046", "nq": "0.046", "f": 7436090755, "l": 7436090759, "T": 1773511219536, "m": true}}
{"local_ts": 1773511219753, "server_ts": 1773511219545, "data": {"e": "aggTrade", "E": 1773511219578, "a": 3200304387, "s": "BTCUSDT", "p": "70547.30", "q": "0.197", "nq": "0.197", "f": 7436090760, "l": 7436090765, "T": 1773511219545, "m": true}}
{"local_ts": 1773511219754, "server_ts": 1773511219566, "data": {"e": "aggTrade", "E": 1773511219578, "a": 3200304388, "s": "BTCUSDT", "p": "70546.80", "q": "0.001", "nq": "0.001", "f": 7436090766, "l": 7436090766, "T": 1773511219566, "m": true}}
{"local_ts": 1773511219754, "server_ts": 1773511219566, "data": {"e": "aggTrade", "E": 1773511219579, "a": 3200304389, "s": "BTCUSDT", "p": "70546.70", "q": "0.004", "nq": "0.004", "f": 7436090767, "l": 7436090768, "T": 1773511219566, "m": true}}
{"local_ts": 1773511219755, "server_ts": 1773511219566, "data": {"e": "aggTrade", "E": 1773511219579, "a": 3200304390, "s": "BTCUSDT", "p": "70546.40", "q": "0.001", "nq": "0.001", "f": 7436090769, "l": 7436090769, "T": 1773511219566, "m": true}}
{"local_ts": 1773511219755, "server_ts": 1773511219566, "data": {"e": "aggTrade", "E": 1773511219579, "a": 3200304391, "s": "BTCUSDT", "p": "70546.30", "q": "0.002", "nq": "0.002", "f": 7436090770, "l": 7436090770, "T": 1773511219566, "m": true}}
{"local_ts": 1773511219756, "server_ts": 1773511219566, "data": {"e": "aggTrade", "E": 1773511219580, "a": 3200304392, "s": "BTCUSDT", "p": "70546.00", "q": "0.004", "nq": "0.004", "f": 7436090771, "l": 7436090772, "T": 1773511219566, "m": true}}
{"local_ts": 1773511219756, "server_ts": 1773511219568, "data": {"e": "aggTrade", "E": 1773511219580, "a": 3200304393, "s": "BTCUSDT", "p": "70545.90", "q": "0.001", "nq": "0.001", "f": 7436090773, "l": 7436090773, "T": 1773511219568, "m": true}}
{"local_ts": 1773511219757, "server_ts": 1773511219568, "data": {"e": "aggTrade", "E": 1773511219580, "a": 3200304394, "s": "BTCUSDT", "p": "70545.60", "q": "0.002", "nq": "0.002", "f": 7436090774, "l": 7436090774, "T": 1773511219568, "m": true}}
{"local_ts": 1773511219757, "server_ts": 1773511219568, "data": {"e": "aggTrade", "E": 1773511219580, "a": 3200304395, "s": "BTCUSDT", "p": "70545.40", "q": "0.020", "nq": "0.020", "f": 7436090775, "l": 7436090779, "T": 1773511219568, "m": true}}
{"local_ts": 1773511219757, "server_ts": 1773511219568, "data": {"e": "aggTrade", "E": 1773511219580, "a": 3200304396, "s": "BTCUSDT", "p": "70545.30", "q": "0.031", "nq": "0.031", "f": 7436090780, "l": 7436090782, "T": 1773511219568, "m": true}}
{"local_ts": 1773511219768, "server_ts": 1773511219568, "data": {"e": "aggTrade", "E": 1773511219594, "a": 3200304397, "s": "BTCUSDT", "p": "70545.00", "q": "0.040", "nq": "0.040", "f": 7436090783, "l": 7436090790, "T": 1773511219568, "m": true}}
{"local_ts": 1773511219768, "server_ts": 1773511219576, "data": {"e": "aggTrade", "E": 1773511219594, "a": 3200304398, "s": "BTCUSDT", "p": "70544.90", "q": "0.036", "nq": "0.036", "f": 7436090791, "l": 7436090791, "T": 1773511219576, "m": true}}
{"local_ts": 1773511219768, "server_ts": 1773511219576, "data": {"e": "aggTrade", "E": 1773511219594, "a": 3200304399, "s": "BTCUSDT", "p": "70544.70", "q": "0.008", "nq": "0.008", "f": 7436090792, "l": 7436090794, "T": 1773511219576, "m": true}}
{"local_ts": 1773511219778, "server_ts": 1773511219576, "data": {"e": "aggTrade", "E": 1773511219606, "a": 3200304400, "s": "BTCUSDT", "p": "70544.60", "q": "0.059", "nq": "0.059", "f": 7436090795, "l": 7436090797, "T": 1773511219576, "m": true}}
{"local_ts": 1773511219778, "server_ts": 1773511219588, "data": {"e": "aggTrade", "E": 1773511219606, "a": 3200304401, "s": "BTCUSDT", "p": "70544.50", "q": "0.003", "nq": "0.003", "f": 7436090798, "l": 7436090799, "T": 1773511219588, "m": true}}
{"local_ts": 1773511219787, "server_ts": 1773511219588, "data": {"e": "aggTrade", "E": 1773511219616, "a": 3200304402, "s": "BTCUSDT", "p": "70544.30", "q": "0.002", "nq": "0.002", "f": 7436090800, "l": 7436090800, "T": 1773511219588, "m": true}}
{"local_ts": 1773511219787, "server_ts": 1773511219602, "data": {"e": "aggTrade", "E": 1773511219616, "a": 3200304403, "s": "BTCUSDT", "p": "70544.20", "q": "0.008", "nq": "0.008", "f": 7436090801, "l": 7436090804, "T": 1773511219602, "m": true}}
{"local_ts": 1773511219788, "server_ts": 1773511219602, "data": {"e": "aggTrade", "E": 1773511219617, "a": 3200304404, "s": "BTCUSDT", "p": "70543.80", "q": "0.003", "nq": "0.003", "f": 7436090805, "l": 7436090806, "T": 1773511219602, "m": true}}
{"local_ts": 1773511219798, "server_ts": 1773511219602, "data": {"e": "aggTrade", "E": 1773511219625, "a": 3200304405, "s": "BTCUSDT", "p": "70543.70", "q": "0.002", "nq": "0.002", "f": 7436090807, "l": 7436090807, "T": 1773511219602, "m": true}}
{"local_ts": 1773511219798, "server_ts": 1773511219610, "data": {"e": "aggTrade", "E": 1773511219625, "a": 3200304406, "s": "BTCUSDT", "p": "70543.60", "q": "0.005", "nq": "0.005", "f": 7436090808, "l": 7436090809, "T": 1773511219610, "m": true}}
{"local_ts": 1773511219799, "server_ts": 1773511219610, "data": {"e": "aggTrade", "E": 1773511219625, "a": 3200304407, "s": "BTCUSDT", "p": "70543.50", "q": "0.001", "nq": "0.001", "f": 7436090810, "l": 7436090810, "T": 1773511219610, "m": true}}
{"local_ts": 1773511219799, "server_ts": 1773511219610, "data": {"e": "aggTrade", "E": 1773511219625, "a": 3200304408, "s": "BTCUSDT", "p": "70543.40", "q": "0.002", "nq": "0.002", "f": 7436090811, "l": 7436090811, "T": 1773511219610, "m": true}}
{"local_ts": 1773511219800, "server_ts": 1773511219611, "data": {"e": "aggTrade", "E": 1773511219625, "a": 3200304409, "s": "BTCUSDT", "p": "70543.20", "q": "0.002", "nq": "0.002", "f": 7436090812, "l": 7436090812, "T": 1773511219611, "m": true}}
{"local_ts": 1773511219800, "server_ts": 1773511219611, "data": {"e": "aggTrade", "E": 1773511219625, "a": 3200304410, "s": "BTCUSDT", "p": "70543.00", "q": "0.002", "nq": "0.002", "f": 7436090813, "l": 7436090813, "T": 1773511219611, "m": true}}
{"local_ts": 1773511219801, "server_ts": 1773511219611, "data": {"e": "aggTrade", "E": 1773511219625, "a": 3200304411, "s": "BTCUSDT", "p": "70542.90", "q": "0.003", "nq": "0.003", "f": 7436090814, "l": 7436090815, "T": 1773511219611, "m": true}}
{"local_ts": 1773511219819, "server_ts": 1773511219611, "data": {"e": "aggTrade", "E": 1773511219637, "a": 3200304412, "s": "BTCUSDT", "p": "70542.80", "q": "0.023", "nq": "0.023", "f": 7436090816, "l": 7436090820, "T": 1773511219611, "m": true}}
{"local_ts": 1773511219819, "server_ts": 1773511219622, "data": {"e": "aggTrade", "E": 1773511219637, "a": 3200304413, "s": "BTCUSDT", "p": "70542.50", "q": "0.058", "nq": "0.058", "f": 7436090821, "l": 7436090824, "T": 1773511219622, "m": true}}
{"local_ts": 1773511219819, "server_ts": 1773511219622, "data": {"e": "aggTrade", "E": 1773511219637, "a": 3200304414, "s": "BTCUSDT", "p": "70542.40", "q": "0.003", "nq": "0.003", "f": 7436090825, "l": 7436090826, "T": 1773511219622, "m": true}}
{"local_ts": 1773511219820, "server_ts": 1773511219623, "data": {"e": "aggTrade", "E": 1773511219637, "a": 3200304415, "s": "BTCUSDT", "p": "70542.30", "q": "0.005", "nq": "0.005", "f": 7436090827, "l": 7436090828, "T": 1773511219623, "m": true}}
{"local_ts": 1773511219820, "server_ts": 1773511219623, "data": {"e": "aggTrade", "E": 1773511219637, "a": 3200304416, "s": "BTCUSDT", "p": "70542.20", "q": "0.003", "nq": "0.003", "f": 7436090829, "l": 7436090829, "T": 1773511219623, "m": true}}
{"local_ts": 1773511219821, "server_ts": 1773511219623, "data": {"e": "aggTrade", "E": 1773511219637, "a": 3200304417, "s": "BTCUSDT", "p": "70542.10", "q": "0.004", "nq": "0.004", "f": 7436090830, "l": 7436090831, "T": 1773511219623, "m": true}}
{"local_ts": 1773511219821, "server_ts": 1773511219623, "data": {"e": "aggTrade", "E": 1773511219637, "a": 3200304418, "s": "BTCUSDT", "p": "70542.00", "q": "0.005", "nq": "0.005", "f": 7436090832, "l": 7436090834, "T": 1773511219623, "m": true}}
{"local_ts": 1773511219821, "server_ts": 1773511219623, "data": {"e": "aggTrade", "E": 1773511219640, "a": 3200304419, "s": "BTCUSDT", "p": "70541.90", "q": "0.008", "nq": "0.008", "f": 7436090835, "l": 7436090835, "T": 1773511219623, "m": true}}
{"local_ts": 1773511219822, "server_ts": 1773511219625, "data": {"e": "aggTrade", "E": 1773511219641, "a": 3200304420, "s": "BTCUSDT", "p": "70541.60", "q": "0.013", "nq": "0.013", "f": 7436090836, "l": 7436090839, "T": 1773511219625, "m": true}}
{"local_ts": 1773511219822, "server_ts": 1773511219625, "data": {"e": "aggTrade", "E": 1773511219641, "a": 3200304421, "s": "BTCUSDT", "p": "70541.50", "q": "0.001", "nq": "0.001", "f": 7436090840, "l": 7436090840, "T": 1773511219625, "m": true}}
{"local_ts": 1773511219823, "server_ts": 1773511219625, "data": {"e": "aggTrade", "E": 1773511219641, "a": 3200304422, "s": "BTCUSDT", "p": "70541.30", "q": "0.003", "nq": "0.003", "f": 7436090841, "l": 7436090841, "T": 1773511219625, "m": true}}
{"local_ts": 1773511219823, "server_ts": 1773511219625, "data": {"e": "aggTrade", "E": 1773511219641, "a": 3200304423, "s": "BTCUSDT", "p": "70541.20", "q": "0.002", "nq": "0.002", "f": 7436090842, "l": 7436090842, "T": 1773511219625, "m": true}}
{"local_ts": 1773511219830, "server_ts": 1773511219625, "data": {"e": "aggTrade", "E": 1773511219657, "a": 3200304424, "s": "BTCUSDT", "p": "70541.10", "q": "0.836", "nq": "0.836", "f": 7436090843, "l": 7436090853, "T": 1773511219625, "m": true}}
{"local_ts": 1773511219830, "server_ts": 1773511219641, "data": {"e": "aggTrade", "E": 1773511219657, "a": 3200304425, "s": "BTCUSDT", "p": "70541.00", "q": "0.007", "nq": "0.007", "f": 7436090854, "l": 7436090857, "T": 1773511219641, "m": true}}
{"local_ts": 1773511219831, "server_ts": 1773511219641, "data": {"e": "aggTrade", "E": 1773511219657, "a": 3200304426, "s": "BTCUSDT", "p": "70540.80", "q": "0.030", "nq": "0.030", "f": 7436090858, "l": 7436090858, "T": 1773511219641, "m": true}}
{"local_ts": 1773511219831, "server_ts": 1773511219641, "data": {"e": "aggTrade", "E": 1773511219657, "a": 3200304427, "s": "BTCUSDT", "p": "70540.60", "q": "0.011", "nq": "0.011", "f": 7436090859, "l": 7436090863, "T": 1773511219641, "m": true}}
{"local_ts": 1773511219832, "server_ts": 1773511219641, "data": {"e": "aggTrade", "E": 1773511219657, "a": 3200304428, "s": "BTCUSDT", "p": "70540.30", "q": "0.002", "nq": "0.002", "f": 7436090864, "l": 7436090864, "T": 1773511219641, "m": true}}
{"local_ts": 1773511219832, "server_ts": 1773511219641, "data": {"e": "aggTrade", "E": 1773511219657, "a": 3200304429, "s": "BTCUSDT", "p": "70540.20", "q": "0.003", "nq": "0.003", "f": 7436090865, "l": 7436090866, "T": 1773511219641, "m": true}}
{"local_ts": 1773511219832, "server_ts": 1773511219641, "data": {"e": "aggTrade", "E": 1773511219657, "a": 3200304430, "s": "BTCUSDT", "p": "70540.10", "q": "0.215", "nq": "0.215", "f": 7436090867, "l": 7436090868, "T": 1773511219641, "m": true}}
{"local_ts": 1773511219833, "server_ts": 1773511219641, "data": {"e": "aggTrade", "E": 1773511219657, "a": 3200304431, "s": "BTCUSDT", "p": "70540.00", "q": "0.017", "nq": "0.017", "f": 7436090869, "l": 7436090874, "T": 1773511219641, "m": true}}
{"local_ts": 1773511219833, "server_ts": 1773511219641, "data": {"e": "aggTrade", "E": 1773511219657, "a": 3200304432, "s": "BTCUSDT", "p": "70539.90", "q": "0.026", "nq": "0.026", "f": 7436090875, "l": 7436090876, "T": 1773511219641, "m": true}}
{"local_ts": 1773511219834, "server_ts": 1773511219641, "data": {"e": "aggTrade", "E": 1773511219657, "a": 3200304433, "s": "BTCUSDT", "p": "70539.60", "q": "0.006", "nq": "0.006", "f": 7436090877, "l": 7436090878, "T": 1773511219641, "m": true}}
