{"local_ts": 1773514800424, "server_ts": 1773514800259, "data": {"e": "aggTrade", "E": 1773514800280, "a": 3200317898, "s": "BTCUSDT", "p": "70623.50", "q": "0.004", "nq": "0.004", "f": 7436121963, "l": 7436121963, "T": 1773514800259, "m": true}}
{"local_ts": 1773514800575, "server_ts": 1773514800277, "data": {"e": "aggTrade", "E": 1773514800431, "a": 3200317899, "s": "BTCUSDT", "p": "70623.60", "q": "0.277", "nq": "0.277", "f": 7436121964, "l": 7436121968, "T": 1773514800277, "m": false}}
{"local_ts": 1773514800930, "server_ts": 1773514800634, "data": {"e": "aggTrade", "E": 1773514800787, "a": 3200317900, "s": "BTCUSDT", "p": "70623.60", "q": "0.011", "nq": "0.011", "f": 7436121969, "l": 7436121969, "T": 1773514800634, "m": false}}
{"local_ts": 1773514801557, "server_ts": 1773514801278, "data": {"e": "aggTrade", "E": 1773514801413, "a": 3200317901, "s": "BTCUSDT", "p": "70623.60", "q": "0.506", "nq": "0.506", "f": 7436121970, "l": 7436121972, "T": 1773514801278, "m": false}}
{"local_ts": 1773514801617, "server_ts": 1773514801410, "data": {"e": "aggTrade", "E": 1773514801473, "a": 3200317902, "s": "BTCUSDT", "p": "70623.50", "q": "0.002", "nq": "0.002", "f": 7436121973, "l": 7436121973, "T": 1773514801410, "m": true}}
{"local_ts": 1773514801768, "server_ts": 1773514801469, "data": {"e": "aggTrade", "E": 1773514801624, "a": 3200317903, "s": "BTCUSDT", "p": "70623.60", "q": "0.600", "nq": "0.600", "f": 7436121974, "l": 7436121980, "T": 1773514801469, "m": false}}
{"local_ts": 1773514801931, "server_ts": 1773514801631, "data": {"e": "aggTrade", "E": 1773514801785, "a": 3200317904, "s": "BTCUSDT", "p": "70623.60", "q": "0.002", "nq": "0.002", "f": 7436121981, "l": 7436121981, "T": 1773514801631, "m": false}}
{"local_ts": 1773514802233, "server_ts": 1773514801934, "data": {"e": "aggTrade", "E": 1773514802087, "a": 3200317905, "s": "BTCUSDT", "p": "70623.60", "q": "0.026", "nq": "0.026", "f": 7436121982, "l": 7436121982, "T": 1773514801934, "m": false}}
{"local_ts": 1773514802327, "server_ts": 1773514802114, "data": {"e": "aggTrade", "E": 1773514802180, "a": 3200317906, "s": "BTCUSDT", "p": "70623.50", "q": "0.014", "nq": "0.014", "f": 7436121983, "l": 7436121983, "T": 1773514802114, "m": true}}
{"local_ts": 1773514802482, "server_ts": 1773514802176, "data": {"e": "aggTrade", "E": 1773514802331, "a": 3200317907, "s": "BTCUSDT", "p": "70623.60", "q": "0.016", "nq": "0.016", "f": 7436121984, "l": 7436121985, "T": 1773514802176, "m": false}}
{"local_ts": 1773514802989, "server_ts": 1773514802687, "data": {"e": "aggTrade", "E": 1773514802841, "a": 3200317908, "s": "BTCUSDT", "p": "70623.50", "q": "0.077", "nq": "0.077", "f": 7436121986, "l": 7436121986, "T": 1773514802687, "m": true}}
{"local_ts": 1773514803288, "server_ts": 1773514803015, "data": {"e": "aggTrade", "E": 1773514803140, "a": 3200317909, "s": "BTCUSDT", "p": "70623.50", "q": "0.021", "nq": "0.021", "f": 7436121987, "l": 7436121987, "T": 1773514803015, "m": true}}
{"local_ts": 1773514803597, "server_ts": 1773514803137, "data": {"e": "aggTrade", "E": 1773514803291, "a": 3200317910, "s": "BTCUSDT", "p": "70623.60", "q": "1.138", "nq": "1.138", "f": 7436121988, "l": 7436121989, "T": 1773514803137, "m": false}}
{"local_ts": 1773514803920, "server_ts": 1773514803392, "data": {"e": "aggTrade", "E": 1773514803545, "a": 3200317911, "s": "BTCUSDT", "p": "70623.60", "q": "0.004", "nq": "0.004", "f": 7436121990, "l": 7436121990, "T": 1773514803392, "m": false}}
{"local_ts": 1773514804056, "server_ts": 1773514803775, "data": {"e": "aggTrade", "E": 1773514803912, "a": 3200317912, "s": "BTCUSDT", "p": "70623.50", "q": "0.222", "nq": "0.222", "f": 7436121991, "l": 7436121993, "T": 1773514803775, "m": true}}
{"local_ts": 1773514804210, "server_ts": 1773514803909, "data": {"e": "aggTrade", "E": 1773514804063, "a": 3200317913, "s": "BTCUSDT", "p": "70623.50", "q": "0.012", "nq": "0.012", "f": 7436121994, "l": 7436121994, "T": 1773514803909, "m": true}}
{"local_ts": 1773514804537, "server_ts": 1773514804325, "data": {"e": "aggTrade", "E": 1773514804389, "a": 3200317914, "s": "BTCUSDT", "p": "70623.50", "q": "2.940", "nq": "2.940", "f": 7436121995, "l": 7436122033, "T": 1773514804325, "m": true}}
{"local_ts": 1773514804538, "server_ts": 1773514804382, "data": {"e": "aggTrade", "E": 1773514804389, "a": 3200317915, "s": "BTCUSDT", "p": "70623.40", "q": "0.079", "nq": "0.079", "f": 7436122034, "l": 7436122042, "T": 1773514804382, "m": true}}
{"local_ts": 1773514804538, "server_ts": 1773514804382, "data": {"e": "aggTrade", "E": 1773514804389, "a": 3200317916, "s": "BTCUSDT", "p": "70623.30", "q": "0.002", "nq": "0.002", "f": 7436122043, "l": 7436122043, "T": 1773514804382, "m": true}}
{"local_ts": 1773514804539, "server_ts": 1773514804382, "data": {"e": "aggTrade", "E": 1773514804389, "a": 3200317917, "s": "BTCUSDT", "p": "70623.20", "q": "0.002", "nq": "0.002", "f": 7436122044, "l": 7436122044, "T": 1773514804382, "m": true}}
{"local_ts": 1773514804548, "server_ts": 1773514804382, "data": {"e": "aggTrade", "E": 1773514804401, "a": 3200317918, "s": "BTCUSDT", "p": "70623.00", "q": "0.033", "nq": "0.033", "f": 7436122045, "l": 7436122050, "T": 1773514804382, "m": true}}
{"local_ts": 1773514804549, "server_ts": 1773514804392, "data": {"e": "aggTrade", "E": 1773514804401, "a": 3200317919, "s": "BTCUSDT", "p": "70622.60", "q": "0.001", "nq": "0.001", "f": 7436122051, "l": 7436122051, "T": 1773514804392, "m": true}}
{"local_ts": 1773514804565, "server_ts": 1773514804392, "data": {"e": "aggTrade", "E": 1773514804422, "a": 3200317920, "s": "BTCUSDT", "p": "70622.50", "q": "0.004", "nq": "0.004", "f": 7436122052, "l": 7436122053, "T": 1773514804392, "m": true}}
{"local_ts": 1773514804568, "server_ts": 1773514804406, "data": {"e": "aggTrade", "E": 1773514804422, "a": 3200317921, "s": "BTCUSDT", "p": "70622.30", "q": "0.001", "nq": "0.001", "f": 7436122054, "l": 7436122054, "T": 1773514804406, "m": true}}
{"local_ts": 1773514804568, "server_ts": 1773514804406, "data": {"e": "aggTrade", "E": 1773514804422, "a": 3200317922, "s": "BTCUSDT", "p": "70622.10", "q": "0.003", "nq": "0.003", "f": 7436122055, "l": 7436122056, "T": 1773514804406, "m": true}}
{"local_ts": 1773514804568, "server_ts": 1773514804406, "data": {"e": "aggTrade", "E": 1773514804422, "a": 3200317923, "s": "BTCUSDT", "p": "70622.00", "q": "0.002", "nq": "0.002", "f": 7436122057, "l": 7436122057, "T": 1773514804406, "m": true}}
{"local_ts": 1773514804569, "server_ts": 1773514804406, "data": {"e": "aggTrade", "E": 1773514804422, "a": 3200317924, "s": "BTCUSDT", "p": "70621.80", "q": "0.003", "nq": "0.003", "f": 7436122058, "l": 7436122058, "T": 1773514804406, "m": true}}
{"local_ts": 1773514804572, "server_ts": 1773514804406, "data": {"e": "aggTrade", "E": 1773514804427, "a": 3200317925, "s": "BTCUSDT", "p": "70621.60", "q": "0.003", "nq": "0.003", "f": 7436122059, "l": 7436122060, "T": 1773514804406, "m": true}}
{"local_ts": 1773514804615, "server_ts": 1773514804420, "data": {"e": "aggTrade", "E": 1773514804444, "a": 3200317926, "s": "BTCUSDT", "p": "70621.50", "q": "0.007", "nq": "0.007", "f": 7436122061, "l": 7436122062, "T": 1773514804420, "m": true}}
{"local_ts": 1773514804619, "server_ts": 1773514804438, "data": {"e": "aggTrade", "E": 1773514804475, "a": 3200317927, "s": "BTCUSDT", "p": "70621.30", "q": "0.005", "nq": "0.005", "f": 7436122063, "l": 7436122063, "T": 1773514804438, "m": true}}
{"local_ts": 1773514804770, "server_ts": 1773514804469, "data": {"e": "aggTrade", "E": 1773514804626, "a": 3200317928, "s": "BTCUSDT", "p": "70621.40", "q": "0.051", "nq": "0.051", "f": 7436122064, "l": 7436122067, "T": 1773514804469, "m": false}}
{"local_ts": 1773514805022, "server_ts": 1773514804724, "data": {"e": "aggTrade", "E": 1773514804878, "a": 3200317929, "s": "BTCUSDT", "p": "70621.40", "q": "0.010", "nq": "0.010", "f": 7436122068, "l": 7436122072, "T": 1773514804724, "m": false}}
{"local_ts": 1773514807881, "server_ts": 1773514807584, "data": {"e": "aggTrade", "E": 1773514807738, "a": 3200317930, "s": "BTCUSDT", "p": "70621.30", "q": "0.002", "nq": "0.002", "f": 7436122073, "l": 7436122073, "T": 1773514807584, "m": true}}
{"local_ts": 1773514809478, "server_ts": 1773514809183, "data": {"e": "aggTrade", "E": 1773514809337, "a": 3200317931, "s": "BTCUSDT", "p": "70621.30", "q": "0.003", "nq": "0.003", "f": 7436122074, "l": 7436122074, "T": 1773514809183, "m": true}}
{"local_ts": 1773514809925, "server_ts": 1773514809773, "data": {"e": "aggTrade", "E": 1773514809776, "a": 3200317932, "s": "BTCUSDT", "p": "70621.30", "q": "1.084", "nq": "1.084", "f": 7436122076, "l": 7436122089, "T": 1773514809773, "m": true}}
{"local_ts": 1773514809926, "server_ts": 1773514809773, "data": {"e": "aggTrade", "E": 1773514809776, "a": 3200317933, "s": "BTCUSDT", "p": "70621.20", "q": "0.004", "nq": "0.004", "f": 7436122090, "l": 7436122091, "T": 1773514809773, "m": true}}
{"local_ts": 1773514809926, "server_ts": 1773514809773, "data": {"e": "aggTrade", "E": 1773514809776, "a": 3200317934, "s": "BTCUSDT", "p": "70621.10", "q": "0.002", "nq": "0.002", "f": 7436122092, "l": 7436122092, "T": 1773514809773, "m": true}}
{"local_ts": 1773514809927, "server_ts": 1773514809773, "data": {"e": "aggTrade", "E": 1773514809776, "a": 3200317935, "s": "BTCUSDT", "p": "70621.00", "q": "0.041", "nq": "0.041", "f": 7436122093, "l": 7436122096, "T": 1773514809773, "m": true}}
{"local_ts": 1773514809927, "server_ts": 1773514809773, "data": {"e": "aggTrade", "E": 1773514809776, "a": 3200317936, "s": "BTCUSDT", "p": "70620.90", "q": "0.004", "nq": "0.004", "f": 7436122097, "l": 7436122098, "T": 1773514809773, "m": true}}
{"local_ts": 1773514809928, "server_ts": 1773514809773, "data": {"e": "aggTrade", "E": 1773514809776, "a": 3200317937, "s": "BTCUSDT", "p": "70620.80", "q": "0.002", "nq": "0.002", "f": 7436122099, "l": 7436122099, "T": 1773514809773, "m": true}}
{"local_ts": 1773514809928, "server_ts": 1773514809773, "data": {"e": "aggTrade", "E": 1773514809776, "a": 3200317938, "s": "BTCUSDT", "p": "70620.70", "q": "0.002", "nq": "0.002", "f": 7436122100, "l": 7436122100, "T": 1773514809773, "m": true}}
{"local_ts": 1773514809928, "server_ts": 1773514809773, "data": {"e": "aggTrade", "E": 1773514809776, "a": 3200317939, "s": "BTCUSDT", "p": "70620.60", "q": "0.006", "nq": "0.006", "f": 7436122101, "l": 7436122103, "T": 1773514809773, "m": true}}
{"local_ts": 1773514809929, "server_ts": 1773514809773, "data": {"e": "aggTrade", "E": 1773514809776, "a": 3200317940, "s": "BTCUSDT", "p": "70620.50", "q": "0.005", "nq": "0.005", "f": 7436122104, "l": 7436122106, "T": 1773514809773, "m": true}}
{"local_ts": 1773514809929, "server_ts": 1773514809773, "data": {"e": "aggTrade", "E": 1773514809776, "a": 3200317941, "s": "BTCUSDT", "p": "70620.40", "q": "0.009", "nq": "0.009", "f": 7436122107, "l": 7436122107, "T": 1773514809773, "m": true}}
{"local_ts": 1773514809930, "server_ts": 1773514809773, "data": {"e": "aggTrade", "E": 1773514809776, "a": 3200317942, "s": "BTCUSDT", "p": "70620.30", "q": "0.002", "nq": "0.002", "f": 7436122108, "l": 7436122108, "T": 1773514809773, "m": true}}
{"local_ts": 1773514809930, "server_ts": 1773514809773, "data": {"e": "aggTrade", "E": 1773514809776, "a": 3200317943, "s": "BTCUSDT", "p": "70620.20", "q": "0.002", "nq": "0.002", "f": 7436122109, "l": 7436122109, "T": 1773514809773, "m": true}}
{"local_ts": 1773514809930, "server_ts": 1773514809773, "data": {"e": "aggTrade", "E": 1773514809776, "a": 3200317944, "s": "BTCUSDT", "p": "70620.10", "q": "0.017", "nq": "0.017", "f": 7436122110, "l": 7436122112, "T": 1773514809773, "m": true}}
{"local_ts": 1773514809931, "server_ts": 1773514809773, "data": {"e": "aggTrade", "E": 1773514809776, "a": 3200317945, "s": "BTCUSDT", "p": "70620.00", "q": "0.096", "nq": "0.096", "f": 7436122113, "l": 7436122118, "T": 1773514809773, "m": true}}
{"local_ts": 1773514809931, "server_ts": 1773514809773, "data": {"e": "aggTrade", "E": 1773514809776, "a": 3200317946, "s": "BTCUSDT", "p": "70619.80", "q": "0.148", "nq": "0.148", "f": 7436122119, "l": 7436122122, "T": 1773514809773, "m": true}}
{"local_ts": 1773514809931, "server_ts": 1773514809773, "data": {"e": "aggTrade", "E": 1773514809776, "a": 3200317947, "s": "BTCUSDT", "p": "70619.70", "q": "0.059", "nq": "0.059", "f": 7436122123, "l": 7436122124, "T": 1773514809773, "m": true}}
{"local_ts": 1773514809931, "server_ts": 1773514809773, "data": {"e": "aggTrade", "E": 1773514809776, "a": 3200317948, "s": "BTCUSDT", "p": "70619.60", "q": "0.367", "nq": "0.367", "f": 7436122125, "l": 7436122127, "T": 1773514809773, "m": true}}
{"local_ts": 1773514809932, "server_ts": 1773514809773, "data": {"e": "aggTrade", "E": 1773514809776, "a": 3200317949, "s": "BTCUSDT", "p": "70619.50", "q": "1.051", "nq": "1.051", "f": 7436122128, "l": 7436122133, "T": 1773514809773, "m": true}}
{"local_ts": 1773514809932, "server_ts": 1773514809773, "data": {"e": "aggTrade", "E": 1773514809776, "a": 3200317950, "s": "BTCUSDT", "p": "70619.40", "q": "0.008", "nq": "0.008", "f": 7436122134, "l": 7436122135, "T": 1773514809773, "m": true}}
{"local_ts": 1773514809996, "server_ts": 1773514809773, "data": {"e": "aggTrade", "E": 1773514809842, "a": 3200317951, "s": "BTCUSDT", "p": "70619.30", "q": "0.662", "nq": "0.662", "f": 7436122136, "l": 7436122150, "T": 1773514809773, "m": true}}
{"local_ts": 1773514809997, "server_ts": 1773514809820, "data": {"e": "aggTrade", "E": 1773514809842, "a": 3200317952, "s": "BTCUSDT", "p": "70619.20", "q": "0.003", "nq": "0.003", "f": 7436122151, "l": 7436122152, "T": 1773514809820, "m": true}}
{"local_ts": 1773514809998, "server_ts": 1773514809820, "data": {"e": "aggTrade", "E": 1773514809847, "a": 3200317953, "s": "BTCUSDT", "p": "70619.10", "q": "0.004", "nq": "0.004", "f": 7436122153, "l": 7436122154, "T": 1773514809820, "m": true}}
{"local_ts": 1773514810142, "server_ts": 1773514809825, "data": {"e": "aggTrade", "E": 1773514809998, "a": 3200317954, "s": "BTCUSDT", "p": "70618.60", "q": "0.840", "nq": "0.840", "f": 7436122155, "l": 7436122168, "T": 1773514809825, "m": true}}
{"local_ts": 1773514811199, "server_ts": 1773514810924, "data": {"e": "aggTrade", "E": 1773514811056, "a": 3200317955, "s": "BTCUSDT", "p": "70618.60", "q": "0.011", "nq": "0.011", "f": 7436122170, "l": 7436122170, "T": 1773514810924, "m": true}}
{"local_ts": 1773514811272, "server_ts": 1773514811054, "data": {"e": "aggTrade", "E": 1773514811130, "a": 3200317956, "s": "BTCUSDT", "p": "70618.60", "q": "0.038", "nq": "0.038", "f": 7436122171, "l": 7436122172, "T": 1773514811054, "m": true}}
{"local_ts": 1773514811423, "server_ts": 1773514811129, "data": {"e": "aggTrade", "E": 1773514811281, "a": 3200317957, "s": "BTCUSDT", "p": "70618.70", "q": "0.005", "nq": "0.005", "f": 7436122173, "l": 7436122173, "T": 1773514811129, "m": false}}
{"local_ts": 1773514811868, "server_ts": 1773514811671, "data": {"e": "aggTrade", "E": 1773514811725, "a": 3200317958, "s": "BTCUSDT", "p": "70618.60", "q": "0.447", "nq": "0.447", "f": 7436122174, "l": 7436122179, "T": 1773514811671, "m": true}}
{"local_ts": 1773514812020, "server_ts": 1773514811723, "data": {"e": "aggTrade", "E": 1773514811876, "a": 3200317959, "s": "BTCUSDT", "p": "70618.70", "q": "0.004", "nq": "0.004", "f": 7436122180, "l": 7436122180, "T": 1773514811723, "m": false}}
{"local_ts": 1773514812414, "server_ts": 1773514812115, "data": {"e": "aggTrade", "E": 1773514812269, "a": 3200317960, "s": "BTCUSDT", "p": "70618.70", "q": "0.004", "nq": "0.004", "f": 7436122181, "l": 7436122181, "T": 1773514812115, "m": false}}
{"local_ts": 1773514813047, "server_ts": 1773514812750, "data": {"e": "aggTrade", "E": 1773514812903, "a": 3200317961, "s": "BTCUSDT", "p": "70618.60", "q": "0.015", "nq": "0.015", "f": 7436122182, "l": 7436122183, "T": 1773514812750, "m": true}}
{"local_ts": 1773514814059, "server_ts": 1773514813749, "data": {"e": "aggTrade", "E": 1773514813902, "a": 3200317962, "s": "BTCUSDT", "p": "70618.70", "q": "0.005", "nq": "0.005", "f": 7436122184, "l": 7436122185, "T": 1773514813749, "m": false}}
{"local_ts": 1773514814921, "server_ts": 1773514814622, "data": {"e": "aggTrade", "E": 1773514814775, "a": 3200317963, "s": "BTCUSDT", "p": "70618.70", "q": "0.002", "nq": "0.002", "f": 7436122186, "l": 7436122186, "T": 1773514814622, "m": false}}
{"local_ts": 1773514815201, "server_ts": 1773514814904, "data": {"e": "aggTrade", "E": 1773514815057, "a": 3200317964, "s": "BTCUSDT", "p": "70618.70", "q": "0.015", "nq": "0.015", "f": 7436122187, "l": 7436122187, "T": 1773514814904, "m": false}}
{"local_ts": 1773514816166, "server_ts": 1773514816001, "data": {"e": "aggTrade", "E": 1773514816005, "a": 3200317965, "s": "BTCUSDT", "p": "70618.60", "q": "0.597", "nq": "0.597", "f": 7436122188, "l": 7436122198, "T": 1773514816001, "m": true}}
{"local_ts": 1773514816166, "server_ts": 1773514816002, "data": {"e": "aggTrade", "E": 1773514816005, "a": 3200317966, "s": "BTCUSDT", "p": "70618.50", "q": "0.004", "nq": "0.004", "f": 7436122199, "l": 7436122200, "T": 1773514816002, "m": true}}
{"local_ts": 1773514816167, "server_ts": 1773514816002, "data": {"e": "aggTrade", "E": 1773514816005, "a": 3200317967, "s": "BTCUSDT", "p": "70618.40", "q": "0.218", "nq": "0.218", "f": 7436122201, "l": 7436122204, "T": 1773514816002, "m": true}}
{"local_ts": 1773514816167, "server_ts": 1773514816002, "data": {"e": "aggTrade", "E": 1773514816005, "a": 3200317968, "s": "BTCUSDT", "p": "70618.10", "q": "0.002", "nq": "0.002", "f": 7436122205, "l": 7436122205, "T": 1773514816002, "m": true}}
{"local_ts": 1773514816167, "server_ts": 1773514816002, "data": {"e": "aggTrade", "E": 1773514816005, "a": 3200317969, "s": "BTCUSDT", "p": "70617.80", "q": "0.001", "nq": "0.001", "f": 7436122206, "l": 7436122206, "T": 1773514816002, "m": true}}
{"local_ts": 1773514816168, "server_ts": 1773514816002, "data": {"e": "aggTrade", "E": 1773514816005, "a": 3200317970, "s": "BTCUSDT", "p": "70617.60", "q": "0.002", "nq": "0.002", "f": 7436122207, "l": 7436122207, "T": 1773514816002, "m": true}}
{"local_ts": 1773514816168, "server_ts": 1773514816002, "data": {"e": "aggTrade", "E": 1773514816005, "a": 3200317971, "s": "BTCUSDT", "p": "70617.50", "q": "0.003", "nq": "0.003", "f": 7436122208, "l": 7436122208, "T": 1773514816002, "m": true}}
{"local_ts": 1773514816168, "server_ts": 1773514816002, "data": {"e": "aggTrade", "E": 1773514816005, "a": 3200317972, "s": "BTCUSDT", "p": "70617.30", "q": "0.015", "nq": "0.015", "f": 7436122209, "l": 7436122211, "T": 1773514816002, "m": true}}
{"local_ts": 1773514816169, "server_ts": 1773514816002, "data": {"e": "aggTrade", "E": 1773514816005, "a": 3200317973, "s": "BTCUSDT", "p": "70617.20", "q": "0.003", "nq": "0.003", "f": 7436122212, "l": 7436122212, "T": 1773514816002, "m": true}}
{"local_ts": 1773514816169, "server_ts": 1773514816002, "data": {"e": "aggTrade", "E": 1773514816005, "a": 3200317974, "s": "BTCUSDT", "p": "70617.00", "q": "0.003", "nq": "0.003", "f": 7436122213, "l": 7436122214, "T": 1773514816002, "m": true}}
{"local_ts": 1773514816169, "server_ts": 1773514816002, "data": {"e": "aggTrade", "E": 1773514816005, "a": 3200317975, "s": "BTCUSDT", "p": "70616.80", "q": "0.003", "nq": "0.003", "f": 7436122215, "l": 7436122215, "T": 1773514816002, "m": true}}
{"local_ts": 1773514816170, "server_ts": 1773514816002, "data": {"e": "aggTrade", "E": 1773514816005, "a": 3200317976, "s": "BTCUSDT", "p": "70616.70", "q": "0.001", "nq": "0.001", "f": 7436122216, "l": 7436122216, "T": 1773514816002, "m": true}}
{"local_ts": 1773514816170, "server_ts": 1773514816002, "data": {"e": "aggTrade", "E": 1773514816005, "a": 3200317977, "s": "BTCUSDT", "p": "70616.60", "q": "0.002", "nq": "0.002", "f": 7436122217, "l": 7436122217, "T": 1773514816002, "m": true}}
{"local_ts": 1773514816170, "server_ts": 1773514816002, "data": {"e": "aggTrade", "E": 1773514816005, "a": 3200317978, "s": "BTCUSDT", "p": "70616.40", "q": "0.001", "nq": "0.001", "f": 7436122218, "l": 7436122218, "T": 1773514816002, "m": true}}
{"local_ts": 1773514816171, "server_ts": 1773514816002, "data": {"e": "aggTrade", "E": 1773514816005, "a": 3200317979, "s": "BTCUSDT", "p": "70616.30", "q": "0.002", "nq": "0.002", "f": 7436122219, "l": 7436122219, "T": 1773514816002, "m": true}}
{"local_ts": 1773514816171, "server_ts": 1773514816002, "data": {"e": "aggTrade", "E": 1773514816005, "a": 3200317980, "s": "BTCUSDT", "p": "70616.20", "q": "0.006", "nq": "0.006", "f": 7436122220, "l": 7436122222, "T": 1773514816002, "m": true}}
{"local_ts": 1773514816171, "server_ts": 1773514816002, "data": {"e": "aggTrade", "E": 1773514816005, "a": 3200317981, "s": "BTCUSDT", "p": "70616.10", "q": "0.005", "nq": "0.005", "f": 7436122223, "l": 7436122224, "T": 1773514816002, "m": true}}
{"local_ts": 1773514816172, "server_ts": 1773514816002, "data": {"e": "aggTrade", "E": 1773514816005, "a": 3200317982, "s": "BTCUSDT", "p": "70616.00", "q": "0.007", "nq": "0.007", "f": 7436122225, "l": 7436122228, "T": 1773514816002, "m": true}}
{"local_ts": 1773514816172, "server_ts": 1773514816002, "data": {"e": "aggTrade", "E": 1773514816005, "a": 3200317983, "s": "BTCUSDT", "p": "70615.90", "q": "0.003", "nq": "0.003", "f": 7436122229, "l": 7436122229, "T": 1773514816002, "m": true}}
{"local_ts": 1773514816172, "server_ts": 1773514816002, "data": {"e": "aggTrade", "E": 1773514816005, "a": 3200317984, "s": "BTCUSDT", "p": "70615.80", "q": "0.014", "nq": "0.014", "f": 7436122230, "l": 7436122232, "T": 1773514816002, "m": true}}
{"local_ts": 1773514816173, "server_ts": 1773514816002, "data": {"e": "aggTrade", "E": 1773514816005, "a": 3200317985, "s": "BTCUSDT", "p": "70615.60", "q": "0.005", "nq": "0.005", "f": 7436122233, "l": 7436122235, "T": 1773514816002, "m": true}}
{"local_ts": 1773514816173, "server_ts": 1773514816002, "data": {"e": "aggTrade", "E": 1773514816005, "a": 3200317986, "s": "BTCUSDT", "p": "70615.50", "q": "0.015", "nq": "0.015", "f": 7436122236, "l": 7436122236, "T": 1773514816002, "m": true}}
{"local_ts": 1773514816173, "server_ts": 1773514816002, "data": {"e": "aggTrade", "E": 1773514816005, "a": 3200317987, "s": "BTCUSDT", "p": "70615.40", "q": "0.020", "nq": "0.020", "f": 7436122237, "l": 7436122240, "T": 1773514816002, "m": true}}
{"local_ts": 1773514816174, "server_ts": 1773514816002, "data": {"e": "aggTrade", "E": 1773514816005, "a": 3200317988, "s": "BTCUSDT", "p": "70615.30", "q": "0.242", "nq": "0.242", "f": 7436122241, "l": 7436122243, "T": 1773514816002, "m": true}}
{"local_ts": 1773514816174, "server_ts": 1773514816002, "data": {"e": "aggTrade", "E": 1773514816005, "a": 3200317989, "s": "BTCUSDT", "p": "70615.20", "q": "0.003", "nq": "0.003", "f": 7436122244, "l": 7436122244, "T": 1773514816002, "m": true}}
{"local_ts": 1773514816175, "server_ts": 1773514816002, "data": {"e": "aggTrade", "E": 1773514816005, "a": 3200317990, "s": "BTCUSDT", "p": "70615.10", "q": "0.083", "nq": "0.083", "f": 7436122245, "l": 7436122246, "T": 1773514816002, "m": true}}
{"local_ts": 1773514816175, "server_ts": 1773514816002, "data": {"e": "aggTrade", "E": 1773514816005, "a": 3200317991, "s": "BTCUSDT", "p": "70615.00", "q": "0.237", "nq": "0.237", "f": 7436122247, "l": 7436122251, "T": 1773514816002, "m": true}}
{"local_ts": 1773514816175, "server_ts": 1773514816002, "data": {"e": "aggTrade", "E": 1773514816005, "a": 3200317992, "s": "BTCUSDT", "p": "70614.90", "q": "0.002", "nq": "0.002", "f": 7436122252, "l": 7436122252, "T": 1773514816002, "m": true}}
{"local_ts": 1773514816176, "server_ts": 1773514816002, "data": {"e": "aggTrade", "E": 1773514816005, "a": 3200317993, "s": "BTCUSDT", "p": "70614.70", "q": "0.004", "nq": "0.004", "f": 7436122253, "l": 7436122254, "T": 1773514816002, "m": true}}
{"local_ts": 1773514816176, "server_ts": 1773514816002, "data": {"e": "aggTrade", "E": 1773514816007, "a": 3200317994, "s": "BTCUSDT", "p": "70614.60", "q": "0.015", "nq": "0.015", "f": 7436122255, "l": 7436122257, "T": 1773514816002, "m": true}}
{"local_ts": 1773514816177, "server_ts": 1773514816002, "data": {"e": "aggTrade", "E": 1773514816007, "a": 3200317995, "s": "BTCUSDT", "p": "70614.50", "q": "0.001", "nq": "0.001", "f": 7436122258, "l": 7436122258, "T": 1773514816002, "m": true}}
{"local_ts": 1773514816177, "server_ts": 1773514816002, "data": {"e": "aggTrade", "E": 1773514816007, "a": 3200317996, "s": "BTCUSDT", "p": "70614.30", "q": "0.006", "nq": "0.006", "f": 7436122259, "l": 7436122260, "T": 1773514816002, "m": true}}
{"local_ts": 1773514816177, "server_ts": 1773514816002, "data": {"e": "aggTrade", "E": 1773514816007, "a": 3200317997, "s": "BTCUSDT", "p": "70614.20", "q": "0.002", "nq": "0.002", "f": 7436122261, "l": 7436122261, "T": 1773514816002, "m": true}}
{"local_ts": 1773514816178, "server_ts": 1773514816002, "data": {"e": "aggTrade", "E": 1773514816007, "a": 3200317998, "s": "BTCUSDT", "p": "70614.00", "q": "0.012", "nq": "0.012", "f": 7436122262, "l": 7436122267, "T": 1773514816002, "m": true}}
{"local_ts": 1773514816178, "server_ts": 1773514816002, "data": {"e": "aggTrade", "E": 1773514816007, "a": 3200317999, "s": "BTCUSDT", "p": "70613.90", "q": "0.042", "nq": "0.042", "f": 7436122268, "l": 7436122271, "T": 1773514816002, "m": true}}
{"local_ts": 1773514816178, "server_ts": 1773514816002, "data": {"e": "aggTrade", "E": 1773514816007, "a": 3200318000, "s": "BTCUSDT", "p": "70613.80", "q": "0.058", "nq": "0.058", "f": 7436122272, "l": 7436122273, "T": 1773514816002, "m": true}}
{"local_ts": 1773514816179, "server_ts": 1773514816002, "data": {"e": "aggTrade", "E": 1773514816007, "a": 3200318001, "s": "BTCUSDT", "p": "70613.60", "q": "0.002", "nq": "0.002", "f": 7436122274, "l": 7436122274, "T": 1773514816002, "m": true}}
{"local_ts": 1773514816179, "server_ts": 1773514816002, "data": {"e": "aggTrade", "E": 1773514816007, "a": 3200318002, "s": "BTCUSDT", "p": "70613.50", "q": "0.003", "nq": "0.003", "f": 7436122275, "l": 7436122276, "T": 1773514816002, "m": true}}
{"local_ts": 1773514816179, "server_ts": 1773514816002, "data": {"e": "aggTrade", "E": 1773514816007, "a": 3200318003, "s": "BTCUSDT", "p": "70613.40", "q": "0.010", "nq": "0.010", "f": 7436122277, "l": 7436122279, "T": 1773514816002, "m": true}}
{"local_ts": 1773514816179, "server_ts": 1773514816002, "data": {"e": "aggTrade", "E": 1773514816007, "a": 3200318004, "s": "BTCUSDT", "p": "70613.30", "q": "0.107", "nq": "0.107", "f": 7436122280, "l": 7436122283, "T": 1773514816002, "m": true}}
{"local_ts": 1773514816180, "server_ts": 1773514816002, "data": {"e": "aggTrade", "E": 1773514816008, "a": 3200318005, "s": "BTCUSDT", "p": "70613.10", "q": "0.001", "nq": "0.001", "f": 7436122284, "l": 7436122284, "T": 1773514816002, "m": true}}
{"local_ts": 1773514816180, "server_ts": 1773514816002, "data": {"e": "aggTrade", "E": 1773514816008, "a": 3200318006, "s": "BTCUSDT", "p": "70613.00", "q": "0.060", "nq": "0.060", "f": 7436122285, "l": 7436122286, "T": 1773514816002, "m": true}}
{"local_ts": 1773514816181, "server_ts": 1773514816002, "data": {"e": "aggTrade", "E": 1773514816008, "a": 3200318007, "s": "BTCUSDT", "p": "70612.90", "q": "0.162", "nq": "0.162", "f": 7436122287, "l": 7436122288, "T": 1773514816002, "m": true}}
{"local_ts": 1773514816181, "server_ts": 1773514816002, "data": {"e": "aggTrade", "E": 1773514816008, "a": 3200318008, "s": "BTCUSDT", "p": "70612.80", "q": "0.006", "nq": "0.006", "f": 7436122289, "l": 7436122291, "T": 1773514816002, "m": true}}
{"local_ts": 1773514816181, "server_ts": 1773514816002, "data": {"e": "aggTrade", "E": 1773514816008, "a": 3200318009, "s": "BTCUSDT", "p": "70612.70", "q": "0.006", "nq": "0.006", "f": 7436122292, "l": 7436122294, "T": 1773514816002, "m": true}}
{"local_ts": 1773514816182, "server_ts": 1773514816002, "data": {"e": "aggTrade", "E": 1773514816008, "a": 3200318010, "s": "BTCUSDT", "p": "70612.60", "q": "1.005", "nq": "1.005", "f": 7436122295, "l": 7436122297, "T": 1773514816002, "m": true}}
{"local_ts": 1773514816182, "server_ts": 1773514816002, "data": {"e": "aggTrade", "E": 1773514816008, "a": 3200318011, "s": "BTCUSDT", "p": "70612.50", "q": "0.007", "nq": "0.007", "f": 7436122298, "l": 7436122301, "T": 1773514816002, "m": true}}
{"local_ts": 1773514816183, "server_ts": 1773514816002, "data": {"e": "aggTrade", "E": 1773514816008, "a": 3200318012, "s": "BTCUSDT", "p": "70612.40", "q": "0.003", "nq": "0.003", "f": 7436122302, "l": 7436122303, "T": 1773514816002, "m": true}}
{"local_ts": 1773514816246, "server_ts": 1773514816002, "data": {"e": "aggTrade", "E": 1773514816097, "a": 3200318013, "s": "BTCUSDT", "p": "70612.30", "q": "0.068", "nq": "0.068", "f": 7436122304, "l": 7436122304, "T": 1773514816002, "m": true}}
{"local_ts": 1773514816392, "server_ts": 1773514816094, "data": {"e": "aggTrade", "E": 1773514816248, "a": 3200318014, "s": "BTCUSDT", "p": "70612.40", "q": "0.029", "nq": "0.029", "f": 7436122305, "l": 7436122305, "T": 1773514816094, "m": false}}
{"local_ts": 1773514816556, "server_ts": 1773514816398, "data": {"e": "aggTrade", "E": 1773514816407, "a": 3200318015, "s": "BTCUSDT", "p": "70612.40", "q": "2.182", "nq": "2.182", "f": 7436122306, "l": 7436122333, "T": 1773514816398, "m": false}}
{"local_ts": 1773514816557, "server_ts": 1773514816401, "data": {"e": "aggTrade", "E": 1773514816407, "a": 3200318016, "s": "BTCUSDT", "p": "70612.50", "q": "0.001", "nq": "0.001", "f": 7436122334, "l": 7436122334, "T": 1773514816401, "m": false}}
{"local_ts": 1773514816557, "server_ts": 1773514816401, "data": {"e": "aggTrade", "E": 1773514816407, "a": 3200318017, "s": "BTCUSDT", "p": "70612.60", "q": "0.002", "nq": "0.002", "f": 7436122335, "l": 7436122335, "T": 1773514816401, "m": false}}
{"local_ts": 1773514816558, "server_ts": 1773514816401, "data": {"e": "aggTrade", "E": 1773514816407, "a": 3200318018, "s": "BTCUSDT", "p": "70612.70", "q": "0.002", "nq": "0.002", "f": 7436122336, "l": 7436122336, "T": 1773514816401, "m": false}}
{"local_ts": 1773514816558, "server_ts": 1773514816401, "data": {"e": "aggTrade", "E": 1773514816407, "a": 3200318019, "s": "BTCUSDT", "p": "70612.80", "q": "0.002", "nq": "0.002", "f": 7436122337, "l": 7436122337, "T": 1773514816401, "m": false}}
{"local_ts": 1773514816558, "server_ts": 1773514816401, "data": {"e": "aggTrade", "E": 1773514816407, "a": 3200318020, "s": "BTCUSDT", "p": "70613.90", "q": "0.004", "nq": "0.004", "f": 7436122338, "l": 7436122339, "T": 1773514816401, "m": false}}
{"local_ts": 1773514816559, "server_ts": 1773514816401, "data": {"e": "aggTrade", "E": 1773514816407, "a": 3200318021, "s": "BTCUSDT", "p": "70614.10", "q": "0.004", "nq": "0.004", "f": 7436122340, "l": 7436122341, "T": 1773514816401, "m": false}}
{"local_ts": 1773514816559, "server_ts": 1773514816401, "data": {"e": "aggTrade", "E": 1773514816407, "a": 3200318022, "s": "BTCUSDT", "p": "70614.80", "q": "0.001", "nq": "0.001", "f": 7436122342, "l": 7436122342, "T": 1773514816401, "m": false}}
{"local_ts": 1773514816560, "server_ts": 1773514816401, "data": {"e": "aggTrade", "E": 1773514816407, "a": 3200318023, "s": "BTCUSDT", "p": "70614.90", "q": "0.003", "nq": "0.003", "f": 7436122343, "l": 7436122343, "T": 1773514816401, "m": false}}
{"local_ts": 1773514816560, "server_ts": 1773514816401, "data": {"e": "aggTrade", "E": 1773514816407, "a": 3200318024, "s": "BTCUSDT", "p": "70615.00", "q": "0.004", "nq": "0.004", "f": 7436122344, "l": 7436122345, "T": 1773514816401, "m": false}}
{"local_ts": 1773514816560, "server_ts": 1773514816401, "data": {"e": "aggTrade", "E": 1773514816407, "a": 3200318025, "s": "BTCUSDT", "p": "70615.40", "q": "0.001", "nq": "0.001", "f": 7436122346, "l": 7436122346, "T": 1773514816401, "m": false}}
{"local_ts": 1773514816561, "server_ts": 1773514816401, "data": {"e": "aggTrade", "E": 1773514816407, "a": 3200318026, "s": "BTCUSDT", "p": "70615.70", "q": "0.001", "nq": "0.001", "f": 7436122347, "l": 7436122347, "T": 1773514816401, "m": false}}
{"local_ts": 1773514816561, "server_ts": 1773514816401, "data": {"e": "aggTrade", "E": 1773514816407, "a": 3200318027, "s": "BTCUSDT", "p": "70615.90", "q": "0.151", "nq": "0.151", "f": 7436122348, "l": 7436122356, "T": 1773514816401, "m": false}}
{"local_ts": 1773514816562, "server_ts": 1773514816401, "data": {"e": "aggTrade", "E": 1773514816407, "a": 3200318028, "s": "BTCUSDT", "p": "70616.00", "q": "0.007", "nq": "0.007", "f": 7436122357, "l": 7436122360, "T": 1773514816401, "m": false}}
{"local_ts": 1773514816562, "server_ts": 1773514816401, "data": {"e": "aggTrade", "E": 1773514816407, "a": 3200318029, "s": "BTCUSDT", "p": "70616.10", "q": "0.001", "nq": "0.001", "f": 7436122361, "l": 7436122361, "T": 1773514816401, "m": false}}
{"local_ts": 1773514816562, "server_ts": 1773514816401, "data": {"e": "aggTrade", "E": 1773514816407, "a": 3200318030, "s": "BTCUSDT", "p": "70616.40", "q": "0.012", "nq": "0.012", "f": 7436122362, "l": 7436122365, "T": 1773514816401, "m": false}}
{"local_ts": 1773514816563, "server_ts": 1773514816401, "data": {"e": "aggTrade", "E": 1773514816407, "a": 3200318031, "s": "BTCUSDT", "p": "70616.50", "q": "0.021", "nq": "0.021", "f": 7436122366, "l": 7436122367, "T": 1773514816401, "m": false}}
{"local_ts": 1773514816563, "server_ts": 1773514816401, "data": {"e": "aggTrade", "E": 1773514816407, "a": 3200318032, "s": "BTCUSDT", "p": "70616.80", "q": "0.004", "nq": "0.004", "f": 7436122368, "l": 7436122370, "T": 1773514816401, "m": false}}
{"local_ts": 1773514816563, "server_ts": 1773514816401, "data": {"e": "aggTrade", "E": 1773514816407, "a": 3200318033, "s": "BTCUSDT", "p": "70616.90", "q": "0.005", "nq": "0.005", "f": 7436122371, "l": 7436122372, "T": 1773514816401, "m": false}}
{"local_ts": 1773514816564, "server_ts": 1773514816401, "data": {"e": "aggTrade", "E": 1773514816407, "a": 3200318034, "s": "BTCUSDT", "p": "70617.10", "q": "0.001", "nq": "0.001", "f": 7436122373, "l": 7436122373, "T": 1773514816401, "m": false}}
{"local_ts": 1773514816564, "server_ts": 1773514816401, "data": {"e": "aggTrade", "E": 1773514816407, "a": 3200318035, "s": "BTCUSDT", "p": "70617.20", "q": "0.003", "nq": "0.003", "f": 7436122374, "l": 7436122374, "T": 1773514816401, "m": false}}
{"local_ts": 1773514816565, "server_ts": 1773514816401, "data": {"e": "aggTrade", "E": 1773514816407, "a": 3200318036, "s": "BTCUSDT", "p": "70617.40", "q": "0.021", "nq": "0.021", "f": 7436122375, "l": 7436122375, "T": 1773514816401, "m": false}}
{"local_ts": 1773514816565, "server_ts": 1773514816401, "data": {"e": "aggTrade", "E": 1773514816408, "a": 3200318037, "s": "BTCUSDT", "p": "70617.50", "q": "0.001", "nq": "0.001", "f": 7436122376, "l": 7436122376, "T": 1773514816401, "m": false}}
{"local_ts": 1773514816566, "server_ts": 1773514816401, "data": {"e": "aggTrade", "E": 1773514816417, "a": 3200318038, "s": "BTCUSDT", "p": "70617.60", "q": "0.007", "nq": "0.007", "f": 7436122377, "l": 7436122379, "T": 1773514816401, "m": false}}
{"local_ts": 1773514816566, "server_ts": 1773514816408, "data": {"e": "aggTrade", "E": 1773514816417, "a": 3200318039, "s": "BTCUSDT", "p": "70617.80", "q": "0.006", "nq": "0.006", "f": 7436122380, "l": 7436122382, "T": 1773514816408, "m": false}}
{"local_ts": 1773514816568, "server_ts": 1773514816408, "data": {"e": "aggTrade", "E": 1773514816427, "a": 3200318040, "s": "BTCUSDT", "p": "70618.00", "q": "0.002", "nq": "0.002", "f": 7436122383, "l": 7436122383, "T": 1773514816408, "m": false}}
{"local_ts": 1773514816572, "server_ts": 1773514816421, "data": {"e": "aggTrade", "E": 1773514816429, "a": 3200318041, "s": "BTCUSDT", "p": "70618.10", "q": "0.031", "nq": "0.031", "f": 7436122384, "l": 7436122386, "T": 1773514816421, "m": false}}
{"local_ts": 1773514816616, "server_ts": 1773514816423, "data": {"e": "aggTrade", "E": 1773514816470, "a": 3200318042, "s": "BTCUSDT", "p": "70618.20", "q": "0.134", "nq": "0.134", "f": 7436122387, "l": 7436122394, "T": 1773514816423, "m": false}}
{"local_ts": 1773514816617, "server_ts": 1773514816468, "data": {"e": "aggTrade", "E": 1773514816470, "a": 3200318043, "s": "BTCUSDT", "p": "70618.50", "q": "0.002", "nq": "0.002", "f": 7436122395, "l": 7436122395, "T": 1773514816468, "m": false}}
{"local_ts": 1773514816617, "server_ts": 1773514816468, "data": {"e": "aggTrade", "E": 1773514816470, "a": 3200318044, "s": "BTCUSDT", "p": "70618.60", "q": "0.006", "nq": "0.006", "f": 7436122396, "l": 7436122397, "T": 1773514816468, "m": false}}
{"local_ts": 1773514816622, "server_ts": 1773514816468, "data": {"e": "aggTrade", "E": 1773514816478, "a": 3200318045, "s": "BTCUSDT", "p": "70618.70", "q": "0.800", "nq": "0.800", "f": 7436122398, "l": 7436122430, "T": 1773514816468, "m": false}}
{"local_ts": 1773514816623, "server_ts": 1773514816475, "data": {"e": "aggTrade", "E": 1773514816478, "a": 3200318046, "s": "BTCUSDT", "p": "70618.80", "q": "0.009", "nq": "0.009", "f": 7436122431, "l": 7436122433, "T": 1773514816475, "m": false}}
{"local_ts": 1773514816623, "server_ts": 1773514816475, "data": {"e": "aggTrade", "E": 1773514816478, "a": 3200318047, "s": "BTCUSDT", "p": "70619.00", "q": "0.005", "nq": "0.005", "f": 7436122434, "l": 7436122435, "T": 1773514816475, "m": false}}
{"local_ts": 1773514816640, "server_ts": 1773514816475, "data": {"e": "aggTrade", "E": 1773514816490, "a": 3200318048, "s": "BTCUSDT", "p": "70619.20", "q": "0.003", "nq": "0.003", "f": 7436122436, "l": 7436122437, "T": 1773514816475, "m": false}}
{"local_ts": 1773514816652, "server_ts": 1773514816488, "data": {"e": "aggTrade", "E": 1773514816495, "a": 3200318049, "s": "BTCUSDT", "p": "70619.30", "q": "0.002", "nq": "0.002", "f": 7436122438, "l": 7436122438, "T": 1773514816488, "m": true}}
{"local_ts": 1773514816653, "server_ts": 1773514816492, "data": {"e": "aggTrade", "E": 1773514816499, "a": 3200318050, "s": "BTCUSDT", "p": "70619.40", "q": "0.013", "nq": "0.013", "f": 7436122439, "l": 7436122443, "T": 1773514816492, "m": false}}
{"local_ts": 1773514816653, "server_ts": 1773514816495, "data": {"e": "aggTrade", "E": 1773514816503, "a": 3200318051, "s": "BTCUSDT", "p": "70619.50", "q": "0.038", "nq": "0.038", "f": 7436122444, "l": 7436122450, "T": 1773514816495, "m": false}}
{"local_ts": 1773514816653, "server_ts": 1773514816499, "data": {"e": "aggTrade", "E": 1773514816503, "a": 3200318052, "s": "BTCUSDT", "p": "70619.60", "q": "0.002", "nq": "0.002", "f": 7436122451, "l": 7436122451, "T": 1773514816499, "m": false}}
{"local_ts": 1773514816654, "server_ts": 1773514816499, "data": {"e": "aggTrade", "E": 1773514816503, "a": 3200318053, "s": "BTCUSDT", "p": "70619.70", "q": "0.005", "nq": "0.005", "f": 7436122452, "l": 7436122453, "T": 1773514816499, "m": false}}
{"local_ts": 1773514816654, "server_ts": 1773514816499, "data": {"e": "aggTrade", "E": 1773514816503, "a": 3200318054, "s": "BTCUSDT", "p": "70619.90", "q": "0.001", "nq": "0.001", "f": 7436122454, "l": 7436122454, "T": 1773514816499, "m": false}}
{"local_ts": 1773514816655, "server_ts": 1773514816499, "data": {"e": "aggTrade", "E": 1773514816503, "a": 3200318055, "s": "BTCUSDT", "p": "70620.00", "q": "0.005", "nq": "0.005", "f": 7436122455, "l": 7436122456, "T": 1773514816499, "m": false}}
{"local_ts": 1773514816655, "server_ts": 1773514816499, "data": {"e": "aggTrade", "E": 1773514816503, "a": 3200318056, "s": "BTCUSDT", "p": "70620.10", "q": "0.004", "nq": "0.004", "f": 7436122457, "l": 7436122458, "T": 1773514816499, "m": false}}
{"local_ts": 1773514816656, "server_ts": 1773514816499, "data": {"e": "aggTrade", "E": 1773514816503, "a": 3200318057, "s": "BTCUSDT", "p": "70620.20", "q": "0.002", "nq": "0.002", "f": 7436122459, "l": 7436122459, "T": 1773514816499, "m": false}}
{"local_ts": 1773514816656, "server_ts": 1773514816499, "data": {"e": "aggTrade", "E": 1773514816503, "a": 3200318058, "s": "BTCUSDT", "p": "70620.30", "q": "0.002", "nq": "0.002", "f": 7436122460, "l": 7436122460, "T": 1773514816499, "m": false}}
{"local_ts": 1773514816656, "server_ts": 1773514816499, "data": {"e": "aggTrade", "E": 1773514816503, "a": 3200318059, "s": "BTCUSDT", "p": "70620.40", "q": "0.001", "nq": "0.001", "f": 7436122461, "l": 7436122461, "T": 1773514816499, "m": false}}
{"local_ts": 1773514816657, "server_ts": 1773514816499, "data": {"e": "aggTrade", "E": 1773514816507, "a": 3200318060, "s": "BTCUSDT", "p": "70620.50", "q": "0.002", "nq": "0.002", "f": 7436122462, "l": 7436122462, "T": 1773514816499, "m": false}}
{"local_ts": 1773514816657, "server_ts": 1773514816502, "data": {"e": "aggTrade", "E": 1773514816507, "a": 3200318061, "s": "BTCUSDT", "p": "70620.60", "q": "0.001", "nq": "0.001", "f": 7436122463, "l": 7436122463, "T": 1773514816502, "m": false}}
{"local_ts": 1773514816658, "server_ts": 1773514816502, "data": {"e": "aggTrade", "E": 1773514816507, "a": 3200318062, "s": "BTCUSDT", "p": "70620.80", "q": "0.002", "nq": "0.002", "f": 7436122464, "l": 7436122464, "T": 1773514816502, "m": false}}
{"local_ts": 1773514816658, "server_ts": 1773514816502, "data": {"e": "aggTrade", "E": 1773514816507, "a": 3200318063, "s": "BTCUSDT", "p": "70621.00", "q": "0.004", "nq": "0.004", "f": 7436122465, "l": 7436122465, "T": 1773514816502, "m": false}}
{"local_ts": 1773514816743, "server_ts": 1773514816502, "data": {"e": "aggTrade", "E": 1773514816596, "a": 3200318064, "s": "BTCUSDT", "p": "70621.10", "q": "0.004", "nq": "0.004", "f": 7436122466, "l": 7436122467, "T": 1773514816502, "m": false}}
{"local_ts": 1773514816889, "server_ts": 1773514816594, "data": {"e": "aggTrade", "E": 1773514816747, "a": 3200318065, "s": "BTCUSDT", "p": "70621.10", "q": "0.144", "nq": "0.144", "f": 7436122468, "l": 7436122469, "T": 1773514816594, "m": true}}
{"local_ts": 1773514817315, "server_ts": 1773514817015, "data": {"e": "aggTrade", "E": 1773514817169, "a": 3200318066, "s": "BTCUSDT", "p": "70621.20", "q": "0.011", "nq": "0.011", "f": 7436122470, "l": 7436122471, "T": 1773514817015, "m": false}}
{"local_ts": 1773514819095, "server_ts": 1773514818935, "data": {"e": "aggTrade", "E": 1773514818944, "a": 3200318067, "s": "BTCUSDT", "p": "70621.20", "q": "2.496", "nq": "2.496", "f": 7436122472, "l": 7436122494, "T": 1773514818935, "m": false}}
{"local_ts": 1773514819096, "server_ts": 1773514818936, "data": {"e": "aggTrade", "E": 1773514818944, "a": 3200318068, "s": "BTCUSDT", "p": "70621.30", "q": "0.005", "nq": "0.005", "f": 7436122495, "l": 7436122497, "T": 1773514818936, "m": false}}
{"local_ts": 1773514819096, "server_ts": 1773514818936, "data": {"e": "aggTrade", "E": 1773514818944, "a": 3200318069, "s": "BTCUSDT", "p": "70621.40", "q": "0.218", "nq": "0.218", "f": 7436122498, "l": 7436122503, "T": 1773514818936, "m": false}}
{"local_ts": 1773514819097, "server_ts": 1773514818936, "data": {"e": "aggTrade", "E": 1773514818944, "a": 3200318070, "s": "BTCUSDT", "p": "70621.70", "q": "0.058", "nq": "0.058", "f": 7436122504, "l": 7436122505, "T": 1773514818936, "m": false}}
{"local_ts": 1773514819097, "server_ts": 1773514818936, "data": {"e": "aggTrade", "E": 1773514818944, "a": 3200318071, "s": "BTCUSDT", "p": "70622.10", "q": "0.002", "nq": "0.002", "f": 7436122506, "l": 7436122506, "T": 1773514818936, "m": false}}
{"local_ts": 1773514819097, "server_ts": 1773514818936, "data": {"e": "aggTrade", "E": 1773514818944, "a": 3200318072, "s": "BTCUSDT", "p": "70622.20", "q": "0.001", "nq": "0.001", "f": 7436122507, "l": 7436122507, "T": 1773514818936, "m": false}}
{"local_ts": 1773514819098, "server_ts": 1773514818936, "data": {"e": "aggTrade", "E": 1773514818944, "a": 3200318073, "s": "BTCUSDT", "p": "70622.30", "q": "0.006", "nq": "0.006", "f": 7436122508, "l": 7436122509, "T": 1773514818936, "m": false}}
{"local_ts": 1773514819106, "server_ts": 1773514818936, "data": {"e": "aggTrade", "E": 1773514818946, "a": 3200318074, "s": "BTCUSDT", "p": "70622.40", "q": "0.099", "nq": "0.099", "f": 7436122510, "l": 7436122510, "T": 1773514818936, "m": false}}
{"local_ts": 1773514819107, "server_ts": 1773514818937, "data": {"e": "aggTrade", "E": 1773514818946, "a": 3200318075, "s": "BTCUSDT", "p": "70622.50", "q": "0.006", "nq": "0.006", "f": 7436122511, "l": 7436122513, "T": 1773514818937, "m": false}}
{"local_ts": 1773514819107, "server_ts": 1773514818937, "data": {"e": "aggTrade", "E": 1773514818946, "a": 3200318076, "s": "BTCUSDT", "p": "70622.80", "q": "0.001", "nq": "0.001", "f": 7436122514, "l": 7436122514, "T": 1773514818937, "m": false}}
{"local_ts": 1773514819107, "server_ts": 1773514818937, "data": {"e": "aggTrade", "E": 1773514818951, "a": 3200318077, "s": "BTCUSDT", "p": "70622.90", "q": "0.002", "nq": "0.002", "f": 7436122515, "l": 7436122515, "T": 1773514818937, "m": false}}
{"local_ts": 1773514819108, "server_ts": 1773514818942, "data": {"e": "aggTrade", "E": 1773514818951, "a": 3200318078, "s": "BTCUSDT", "p": "70623.00", "q": "0.008", "nq": "0.008", "f": 7436122516, "l": 7436122519, "T": 1773514818942, "m": false}}
{"local_ts": 1773514819108, "server_ts": 1773514818942, "data": {"e": "aggTrade", "E": 1773514818951, "a": 3200318079, "s": "BTCUSDT", "p": "70623.10", "q": "0.004", "nq": "0.004", "f": 7436122520, "l": 7436122521, "T": 1773514818942, "m": false}}
{"local_ts": 1773514819189, "server_ts": 1773514818942, "data": {"e": "aggTrade", "E": 1773514819038, "a": 3200318080, "s": "BTCUSDT", "p": "70623.40", "q": "0.006", "nq": "0.006", "f": 7436122522, "l": 7436122524, "T": 1773514818942, "m": false}}
{"local_ts": 1773514819331, "server_ts": 1773514819034, "data": {"e": "aggTrade", "E": 1773514819189, "a": 3200318081, "s": "BTCUSDT", "p": "70623.50", "q": "0.066", "nq": "0.066", "f": 7436122525, "l": 7436122525, "T": 1773514819034, "m": true}}
{"local_ts": 1773514819552, "server_ts": 1773514819256, "data": {"e": "aggTrade", "E": 1773514819408, "a": 3200318082, "s": "BTCUSDT", "p": "70623.60", "q": "0.039", "nq": "0.039", "f": 7436122526, "l": 7436122528, "T": 1773514819256, "m": false}}
{"local_ts": 1773514819826, "server_ts": 1773514819530, "data": {"e": "aggTrade", "E": 1773514819684, "a": 3200318083, "s": "BTCUSDT", "p": "70623.60", "q": "0.001", "nq": "0.001", "f": 7436122529, "l": 7436122529, "T": 1773514819530, "m": false}}
{"local_ts": 1773514820300, "server_ts": 1773514820004, "data": {"e": "aggTrade", "E": 1773514820157, "a": 3200318084, "s": "BTCUSDT", "p": "70623.50", "q": "0.013", "nq": "0.013", "f": 7436122530, "l": 7436122531, "T": 1773514820004, "m": true}}
{"local_ts": 1773514820477, "server_ts": 1773514820182, "data": {"e": "aggTrade", "E": 1773514820335, "a": 3200318085, "s": "BTCUSDT", "p": "70623.60", "q": "0.083", "nq": "0.083", "f": 7436122532, "l": 7436122534, "T": 1773514820182, "m": false}}
{"local_ts": 1773514821399, "server_ts": 1773514821103, "data": {"e": "aggTrade", "E": 1773514821256, "a": 3200318086, "s": "BTCUSDT", "p": "70623.50", "q": "0.024", "nq": "0.024", "f": 7436122535, "l": 7436122535, "T": 1773514821103, "m": true}}
{"local_ts": 1773514821736, "server_ts": 1773514821441, "data": {"e": "aggTrade", "E": 1773514821594, "a": 3200318087, "s": "BTCUSDT", "p": "70623.60", "q": "0.002", "nq": "0.002", "f": 7436122536, "l": 7436122536, "T": 1773514821441, "m": false}}
{"local_ts": 1773514821906, "server_ts": 1773514821619, "data": {"e": "aggTrade", "E": 1773514821763, "a": 3200318088, "s": "BTCUSDT", "p": "70623.60", "q": "0.004", "nq": "0.004", "f": 7436122537, "l": 7436122538, "T": 1773514821619, "m": false}}
{"local_ts": 1773514822058, "server_ts": 1773514821762, "data": {"e": "aggTrade", "E": 1773514821914, "a": 3200318089, "s": "BTCUSDT", "p": "70623.50", "q": "0.007", "nq": "0.007", "f": 7436122539, "l": 7436122540, "T": 1773514821762, "m": true}}
{"local_ts": 1773514823194, "server_ts": 1773514822897, "data": {"e": "aggTrade", "E": 1773514823050, "a": 3200318090, "s": "BTCUSDT", "p": "70623.50", "q": "0.038", "nq": "0.038", "f": 7436122541, "l": 7436122542, "T": 1773514822897, "m": true}}
{"local_ts": 1773514823577, "server_ts": 1773514823279, "data": {"e": "aggTrade", "E": 1773514823431, "a": 3200318091, "s": "BTCUSDT", "p": "70623.50", "q": "0.113", "nq": "0.113", "f": 7436122543, "l": 7436122543, "T": 1773514823279, "m": true}}
{"local_ts": 1773514823745, "server_ts": 1773514823449, "data": {"e": "aggTrade", "E": 1773514823603, "a": 3200318092, "s": "BTCUSDT", "p": "70623.60", "q": "0.002", "nq": "0.002", "f": 7436122544, "l": 7436122544, "T": 1773514823449, "m": false}}
{"local_ts": 1773514823941, "server_ts": 1773514823647, "data": {"e": "aggTrade", "E": 1773514823800, "a": 3200318093, "s": "BTCUSDT", "p": "70623.60", "q": "0.002", "nq": "0.002", "f": 7436122545, "l": 7436122545, "T": 1773514823647, "m": false}}
{"local_ts": 1773514824056, "server_ts": 1773514823871, "data": {"e": "aggTrade", "E": 1773514823913, "a": 3200318094, "s": "BTCUSDT", "p": "70623.60", "q": "0.004", "nq": "0.004", "f": 7436122546, "l": 7436122546, "T": 1773514823871, "m": false}}
{"local_ts": 1773514824208, "server_ts": 1773514823911, "data": {"e": "aggTrade", "E": 1773514824065, "a": 3200318095, "s": "BTCUSDT", "p": "70623.50", "q": "5.561", "nq": "5.561", "f": 7436122547, "l": 7436122566, "T": 1773514823911, "m": true}}
{"local_ts": 1773514824806, "server_ts": 1773514824510, "data": {"e": "aggTrade", "E": 1773514824663, "a": 3200318096, "s": "BTCUSDT", "p": "70623.50", "q": "0.002", "nq": "0.002", "f": 7436122567, "l": 7436122567, "T": 1773514824510, "m": true}}
{"local_ts": 1773514825228, "server_ts": 1773514824931, "data": {"e": "aggTrade", "E": 1773514825084, "a": 3200318097, "s": "BTCUSDT", "p": "70623.60", "q": "0.003", "nq": "0.003", "f": 7436122568, "l": 7436122568, "T": 1773514824931, "m": false}}
{"local_ts": 1773514825781, "server_ts": 1773514825483, "data": {"e": "aggTrade", "E": 1773514825636, "a": 3200318098, "s": "BTCUSDT", "p": "70623.50", "q": "0.002", "nq": "0.002", "f": 7436122569, "l": 7436122569, "T": 1773514825483, "m": true}}
{"local_ts": 1773514826097, "server_ts": 1773514825799, "data": {"e": "aggTrade", "E": 1773514825952, "a": 3200318099, "s": "BTCUSDT", "p": "70623.60", "q": "0.007", "nq": "0.007", "f": 7436122570, "l": 7436122570, "T": 1773514825799, "m": false}}
{"local_ts": 1773514826525, "server_ts": 1773514826225, "data": {"e": "aggTrade", "E": 1773514826378, "a": 3200318100, "s": "BTCUSDT", "p": "70623.50", "q": "2.971", "nq": "2.971", "f": 7436122571, "l": 7436122604, "T": 1773514826225, "m": true}}
{"local_ts": 1773514826954, "server_ts": 1773514826659, "data": {"e": "aggTrade", "E": 1773514826811, "a": 3200318101, "s": "BTCUSDT", "p": "70623.60", "q": "0.002", "nq": "0.002", "f": 7436122605, "l": 7436122605, "T": 1773514826659, "m": false}}
{"local_ts": 1773514829726, "server_ts": 1773514829430, "data": {"e": "aggTrade", "E": 1773514829583, "a": 3200318102, "s": "BTCUSDT", "p": "70623.50", "q": "0.002", "nq": "0.002", "f": 7436122606, "l": 7436122606, "T": 1773514829430, "m": true}}
{"local_ts": 1773514831865, "server_ts": 1773514831569, "data": {"e": "aggTrade", "E": 1773514831722, "a": 3200318103, "s": "BTCUSDT", "p": "70623.50", "q": "0.002", "nq": "0.002", "f": 7436122607, "l": 7436122608, "T": 1773514831569, "m": true}}
{"local_ts": 1773514832156, "server_ts": 1773514832009, "data": {"e": "aggTrade", "E": 1773514832012, "a": 3200318104, "s": "BTCUSDT", "p": "70623.50", "q": "3.204", "nq": "3.204", "f": 7436122609, "l": 7436122633, "T": 1773514832009, "m": true}}
{"local_ts": 1773514832157, "server_ts": 1773514832009, "data": {"e": "aggTrade", "E": 1773514832012, "a": 3200318105, "s": "BTCUSDT", "p": "70623.40", "q": "0.005", "nq": "0.005", "f": 7436122634, "l": 7436122636, "T": 1773514832009, "m": true}}
{"local_ts": 1773514832158, "server_ts": 1773514832009, "data": {"e": "aggTrade", "E": 1773514832012, "a": 3200318106, "s": "BTCUSDT", "p": "70623.30", "q": "0.002", "nq": "0.002", "f": 7436122637, "l": 7436122637, "T": 1773514832009, "m": true}}
{"local_ts": 1773514832158, "server_ts": 1773514832009, "data": {"e": "aggTrade", "E": 1773514832012, "a": 3200318107, "s": "BTCUSDT", "p": "70623.20", "q": "0.008", "nq": "0.008", "f": 7436122638, "l": 7436122638, "T": 1773514832009, "m": true}}
{"local_ts": 1773514832158, "server_ts": 1773514832009, "data": {"e": "aggTrade", "E": 1773514832012, "a": 3200318108, "s": "BTCUSDT", "p": "70623.10", "q": "0.002", "nq": "0.002", "f": 7436122639, "l": 7436122639, "T": 1773514832009, "m": true}}
{"local_ts": 1773514832159, "server_ts": 1773514832009, "data": {"e": "aggTrade", "E": 1773514832012, "a": 3200318109, "s": "BTCUSDT", "p": "70623.00", "q": "0.130", "nq": "0.130", "f": 7436122640, "l": 7436122644, "T": 1773514832009, "m": true}}
{"local_ts": 1773514832159, "server_ts": 1773514832009, "data": {"e": "aggTrade", "E": 1773514832012, "a": 3200318110, "s": "BTCUSDT", "p": "70622.90", "q": "0.095", "nq": "0.095", "f": 7436122645, "l": 7436122646, "T": 1773514832009, "m": true}}
{"local_ts": 1773514832159, "server_ts": 1773514832009, "data": {"e": "aggTrade", "E": 1773514832012, "a": 3200318111, "s": "BTCUSDT", "p": "70622.80", "q": "0.002", "nq": "0.002", "f": 7436122647, "l": 7436122647, "T": 1773514832009, "m": true}}
{"local_ts": 1773514832160, "server_ts": 1773514832009, "data": {"e": "aggTrade", "E": 1773514832012, "a": 3200318112, "s": "BTCUSDT", "p": "70622.70", "q": "0.004", "nq": "0.004", "f": 7436122648, "l": 7436122649, "T": 1773514832009, "m": true}}
{"local_ts": 1773514832160, "server_ts": 1773514832009, "data": {"e": "aggTrade", "E": 1773514832012, "a": 3200318113, "s": "BTCUSDT", "p": "70622.60", "q": "0.215", "nq": "0.215", "f": 7436122650, "l": 7436122652, "T": 1773514832009, "m": true}}
{"local_ts": 1773514832188, "server_ts": 1773514832009, "data": {"e": "aggTrade", "E": 1773514832012, "a": 3200318114, "s": "BTCUSDT", "p": "70622.50", "q": "0.005", "nq": "0.005", "f": 7436122653, "l": 7436122655, "T": 1773514832009, "m": true}}
{"local_ts": 1773514832189, "server_ts": 1773514832009, "data": {"e": "aggTrade", "E": 1773514832012, "a": 3200318115, "s": "BTCUSDT", "p": "70622.40", "q": "0.003", "nq": "0.003", "f": 7436122656, "l": 7436122657, "T": 1773514832009, "m": true}}
{"local_ts": 1773514832189, "server_ts": 1773514832009, "data": {"e": "aggTrade", "E": 1773514832012, "a": 3200318116, "s": "BTCUSDT", "p": "70622.30", "q": "0.001", "nq": "0.001", "f": 7436122658, "l": 7436122658, "T": 1773514832009, "m": true}}
{"local_ts": 1773514832189, "server_ts": 1773514832009, "data": {"e": "aggTrade", "E": 1773514832012, "a": 3200318117, "s": "BTCUSDT", "p": "70622.10", "q": "0.002", "nq": "0.002", "f": 7436122659, "l": 7436122659, "T": 1773514832009, "m": true}}
{"local_ts": 1773514832190, "server_ts": 1773514832009, "data": {"e": "aggTrade", "E": 1773514832012, "a": 3200318118, "s": "BTCUSDT", "p": "70622.00", "q": "0.002", "nq": "0.002", "f": 7436122660, "l": 7436122660, "T": 1773514832009, "m": true}}
{"local_ts": 1773514832190, "server_ts": 1773514832009, "data": {"e": "aggTrade", "E": 1773514832012, "a": 3200318119, "s": "BTCUSDT", "p": "70621.80", "q": "0.004", "nq": "0.004", "f": 7436122661, "l": 7436122662, "T": 1773514832009, "m": true}}
{"local_ts": 1773514832190, "server_ts": 1773514832009, "data": {"e": "aggTrade", "E": 1773514832012, "a": 3200318120, "s": "BTCUSDT", "p": "70621.60", "q": "0.049", "nq": "0.049", "f": 7436122663, "l": 7436122663, "T": 1773514832009, "m": true}}
{"local_ts": 1773514832191, "server_ts": 1773514832009, "data": {"e": "aggTrade", "E": 1773514832012, "a": 3200318121, "s": "BTCUSDT", "p": "70621.40", "q": "0.057", "nq": "0.057", "f": 7436122664, "l": 7436122665, "T": 1773514832009, "m": true}}
{"local_ts": 1773514832191, "server_ts": 1773514832009, "data": {"e": "aggTrade", "E": 1773514832012, "a": 3200318122, "s": "BTCUSDT", "p": "70621.20", "q": "0.001", "nq": "0.001", "f": 7436122666, "l": 7436122666, "T": 1773514832009, "m": true}}
{"local_ts": 1773514832191, "server_ts": 1773514832009, "data": {"e": "aggTrade", "E": 1773514832012, "a": 3200318123, "s": "BTCUSDT", "p": "70621.10", "q": "0.062", "nq": "0.062", "f": 7436122667, "l": 7436122670, "T": 1773514832009, "m": true}}
{"local_ts": 1773514832192, "server_ts": 1773514832009, "data": {"e": "aggTrade", "E": 1773514832012, "a": 3200318124, "s": "BTCUSDT", "p": "70621.00", "q": "0.003", "nq": "0.003", "f": 7436122671, "l": 7436122672, "T": 1773514832009, "m": true}}
{"local_ts": 1773514832192, "server_ts": 1773514832009, "data": {"e": "aggTrade", "E": 1773514832012, "a": 3200318125, "s": "BTCUSDT", "p": "70620.90", "q": "0.008", "nq": "0.008", "f": 7436122673, "l": 7436122673, "T": 1773514832009, "m": true}}
{"local_ts": 1773514832192, "server_ts": 1773514832009, "data": {"e": "aggTrade", "E": 1773514832012, "a": 3200318126, "s": "BTCUSDT", "p": "70620.80", "q": "0.002", "nq": "0.002", "f": 7436122674, "l": 7436122674, "T": 1773514832009, "m": true}}
{"local_ts": 1773514832193, "server_ts": 1773514832009, "data": {"e": "aggTrade", "E": 1773514832012, "a": 3200318127, "s": "BTCUSDT", "p": "70620.60", "q": "0.016", "nq": "0.016", "f": 7436122675, "l": 7436122676, "T": 1773514832009, "m": true}}
{"local_ts": 1773514832193, "server_ts": 1773514832009, "data": {"e": "aggTrade", "E": 1773514832012, "a": 3200318128, "s": "BTCUSDT", "p": "70620.50", "q": "0.003", "nq": "0.003", "f": 7436122677, "l": 7436122678, "T": 1773514832009, "m": true}}
{"local_ts": 1773514832193, "server_ts": 1773514832009, "data": {"e": "aggTrade", "E": 1773514832012, "a": 3200318129, "s": "BTCUSDT", "p": "70620.40", "q": "0.003", "nq": "0.003", "f": 7436122679, "l": 7436122679, "T": 1773514832009, "m": true}}
{"local_ts": 1773514832194, "server_ts": 1773514832009, "data": {"e": "aggTrade", "E": 1773514832012, "a": 3200318130, "s": "BTCUSDT", "p": "70620.30", "q": "0.003", "nq": "0.003", "f": 7436122680, "l": 7436122681, "T": 1773514832009, "m": true}}
{"local_ts": 1773514832194, "server_ts": 1773514832009, "data": {"e": "aggTrade", "E": 1773514832012, "a": 3200318131, "s": "BTCUSDT", "p": "70620.20", "q": "0.002", "nq": "0.002", "f": 7436122682, "l": 7436122682, "T": 1773514832009, "m": true}}
{"local_ts": 1773514832195, "server_ts": 1773514832009, "data": {"e": "aggTrade", "E": 1773514832012, "a": 3200318132, "s": "BTCUSDT", "p": "70620.00", "q": "0.007", "nq": "0.007", "f": 7436122683, "l": 7436122684, "T": 1773514832009, "m": true}}
{"local_ts": 1773514832195, "server_ts": 1773514832009, "data": {"e": "aggTrade", "E": 1773514832012, "a": 3200318133, "s": "BTCUSDT", "p": "70619.90", "q": "0.001", "nq": "0.001", "f": 7436122685, "l": 7436122685, "T": 1773514832009, "m": true}}
{"local_ts": 1773514832195, "server_ts": 1773514832009, "data": {"e": "aggTrade", "E": 1773514832012, "a": 3200318134, "s": "BTCUSDT", "p": "70619.80", "q": "0.059", "nq": "0.059", "f": 7436122686, "l": 7436122687, "T": 1773514832009, "m": true}}
{"local_ts": 1773514832196, "server_ts": 1773514832009, "data": {"e": "aggTrade", "E": 1773514832012, "a": 3200318135, "s": "BTCUSDT", "p": "70619.70", "q": "0.001", "nq": "0.001", "f": 7436122688, "l": 7436122688, "T": 1773514832009, "m": true}}
{"local_ts": 1773514832196, "server_ts": 1773514832009, "data": {"e": "aggTrade", "E": 1773514832012, "a": 3200318136, "s": "BTCUSDT", "p": "70619.50", "q": "0.004", "nq": "0.004", "f": 7436122689, "l": 7436122690, "T": 1773514832009, "m": true}}
{"local_ts": 1773514832197, "server_ts": 1773514832009, "data": {"e": "aggTrade", "E": 1773514832012, "a": 3200318137, "s": "BTCUSDT", "p": "70619.40", "q": "0.012", "nq": "0.012", "f": 7436122691, "l": 7436122693, "T": 1773514832009, "m": true}}
{"local_ts": 1773514832197, "server_ts": 1773514832009, "data": {"e": "aggTrade", "E": 1773514832013, "a": 3200318138, "s": "BTCUSDT", "p": "70619.30", "q": "0.051", "nq": "0.051", "f": 7436122694, "l": 7436122695, "T": 1773514832009, "m": true}}
{"local_ts": 1773514832197, "server_ts": 1773514832009, "data": {"e": "aggTrade", "E": 1773514832013, "a": 3200318139, "s": "BTCUSDT", "p": "70619.10", "q": "0.007", "nq": "0.007", "f": 7436122696, "l": 7436122698, "T": 1773514832009, "m": true}}
{"local_ts": 1773514832198, "server_ts": 1773514832009, "data": {"e": "aggTrade", "E": 1773514832013, "a": 3200318140, "s": "BTCUSDT", "p": "70618.90", "q": "0.011", "nq": "0.011", "f": 7436122699, "l": 7436122701, "T": 1773514832009, "m": true}}
{"local_ts": 1773514832198, "server_ts": 1773514832009, "data": {"e": "aggTrade", "E": 1773514832013, "a": 3200318141, "s": "BTCUSDT", "p": "70618.80", "q": "0.012", "nq": "0.012", "f": 7436122702, "l": 7436122707, "T": 1773514832009, "m": true}}
{"local_ts": 1773514832198, "server_ts": 1773514832009, "data": {"e": "aggTrade", "E": 1773514832013, "a": 3200318142, "s": "BTCUSDT", "p": "70618.70", "q": "0.635", "nq": "0.635", "f": 7436122708, "l": 7436122709, "T": 1773514832009, "m": true}}
{"local_ts": 1773514832307, "server_ts": 1773514832009, "data": {"e": "aggTrade", "E": 1773514832164, "a": 3200318143, "s": "BTCUSDT", "p": "70618.60", "q": "0.868", "nq": "0.868", "f": 7436122710, "l": 7436122712, "T": 1773514832009, "m": true}}
{"local_ts": 1773514832832, "server_ts": 1773514832535, "data": {"e": "aggTrade", "E": 1773514832688, "a": 3200318144, "s": "BTCUSDT", "p": "70618.60", "q": "0.056", "nq": "0.056", "f": 7436122713, "l": 7436122713, "T": 1773514832535, "m": true}}
{"local_ts": 1773514833033, "server_ts": 1773514832736, "data": {"e": "aggTrade", "E": 1773514832890, "a": 3200318145, "s": "BTCUSDT", "p": "70618.70", "q": "0.007", "nq": "0.007", "f": 7436122714, "l": 7436122714, "T": 1773514832736, "m": false}}
{"local_ts": 1773514833700, "server_ts": 1773514833548, "data": {"e": "aggTrade", "E": 1773514833557, "a": 3200318146, "s": "BTCUSDT", "p": "70618.60", "q": "0.139", "nq": "0.139", "f": 7436122715, "l": 7436122723, "T": 1773514833548, "m": true}}
{"local_ts": 1773514833701, "server_ts": 1773514833552, "data": {"e": "aggTrade", "E": 1773514833557, "a": 3200318147, "s": "BTCUSDT", "p": "70618.50", "q": "0.217", "nq": "0.217", "f": 7436122724, "l": 7436122732, "T": 1773514833552, "m": true}}
{"local_ts": 1773514833702, "server_ts": 1773514833552, "data": {"e": "aggTrade", "E": 1773514833557, "a": 3200318148, "s": "BTCUSDT", "p": "70618.40", "q": "0.002", "nq": "0.002", "f": 7436122733, "l": 7436122733, "T": 1773514833552, "m": true}}
{"local_ts": 1773514833702, "server_ts": 1773514833552, "data": {"e": "aggTrade", "E": 1773514833559, "a": 3200318149, "s": "BTCUSDT", "p": "70618.00", "q": "0.007", "nq": "0.007", "f": 7436122734, "l": 7436122738, "T": 1773514833552, "m": true}}
{"local_ts": 1773514833702, "server_ts": 1773514833552, "data": {"e": "aggTrade", "E": 1773514833559, "a": 3200318150, "s": "BTCUSDT", "p": "70617.90", "q": "0.003", "nq": "0.003", "f": 7436122739, "l": 7436122740, "T": 1773514833552, "m": true}}
{"local_ts": 1773514833703, "server_ts": 1773514833552, "data": {"e": "aggTrade", "E": 1773514833559, "a": 3200318151, "s": "BTCUSDT", "p": "70617.70", "q": "0.059", "nq": "0.059", "f": 7436122741, "l": 7436122744, "T": 1773514833552, "m": true}}
{"local_ts": 1773514833707, "server_ts": 1773514833552, "data": {"e": "aggTrade", "E": 1773514833563, "a": 3200318152, "s": "BTCUSDT", "p": "70617.60", "q": "0.002", "nq": "0.002", "f": 7436122745, "l": 7436122745, "T": 1773514833552, "m": true}}
{"local_ts": 1773514833712, "server_ts": 1773514833558, "data": {"e": "aggTrade", "E": 1773514833566, "a": 3200318153, "s": "BTCUSDT", "p": "70617.40", "q": "0.004", "nq": "0.004", "f": 7436122746, "l": 7436122747, "T": 1773514833558, "m": true}}
{"local_ts": 1773514833722, "server_ts": 1773514833560, "data": {"e": "aggTrade", "E": 1773514833567, "a": 3200318154, "s": "BTCUSDT", "p": "70617.30", "q": "0.041", "nq": "0.041", "f": 7436122748, "l": 7436122751, "T": 1773514833560, "m": true}}
{"local_ts": 1773514833723, "server_ts": 1773514833560, "data": {"e": "aggTrade", "E": 1773514833567, "a": 3200318155, "s": "BTCUSDT", "p": "70617.20", "q": "0.001", "nq": "0.001", "f": 7436122752, "l": 7436122752, "T": 1773514833560, "m": true}}
{"local_ts": 1773514833723, "server_ts": 1773514833560, "data": {"e": "aggTrade", "E": 1773514833567, "a": 3200318156, "s": "BTCUSDT", "p": "70616.90", "q": "0.004", "nq": "0.004", "f": 7436122753, "l": 7436122754, "T": 1773514833560, "m": true}}
{"local_ts": 1773514833724, "server_ts": 1773514833560, "data": {"e": "aggTrade", "E": 1773514833567, "a": 3200318157, "s": "BTCUSDT", "p": "70616.80", "q": "0.002", "nq": "0.002", "f": 7436122755, "l": 7436122755, "T": 1773514833560, "m": true}}
{"local_ts": 1773514833724, "server_ts": 1773514833560, "data": {"e": "aggTrade", "E": 1773514833567, "a": 3200318158, "s": "BTCUSDT", "p": "70616.70", "q": "0.001", "nq": "0.001", "f": 7436122756, "l": 7436122756, "T": 1773514833560, "m": true}}
{"local_ts": 1773514833724, "server_ts": 1773514833561, "data": {"e": "aggTrade", "E": 1773514833567, "a": 3200318159, "s": "BTCUSDT", "p": "70616.40", "q": "0.001", "nq": "0.001", "f": 7436122757, "l": 7436122757, "T": 1773514833561, "m": true}}
{"local_ts": 1773514833725, "server_ts": 1773514833561, "data": {"e": "aggTrade", "E": 1773514833567, "a": 3200318160, "s": "BTCUSDT", "p": "70616.30", "q": "0.001", "nq": "0.001", "f": 7436122758, "l": 7436122758, "T": 1773514833561, "m": true}}
{"local_ts": 1773514833725, "server_ts": 1773514833561, "data": {"e": "aggTrade", "E": 1773514833567, "a": 3200318161, "s": "BTCUSDT", "p": "70616.20", "q": "0.002", "nq": "0.002", "f": 7436122759, "l": 7436122759, "T": 1773514833561, "m": true}}
{"local_ts": 1773514833725, "server_ts": 1773514833561, "data": {"e": "aggTrade", "E": 1773514833567, "a": 3200318162, "s": "BTCUSDT", "p": "70616.10", "q": "0.003", "nq": "0.003", "f": 7436122760, "l": 7436122760, "T": 1773514833561, "m": true}}
{"local_ts": 1773514833726, "server_ts": 1773514833561, "data": {"e": "aggTrade", "E": 1773514833567, "a": 3200318163, "s": "BTCUSDT", "p": "70616.00", "q": "0.021", "nq": "0.021", "f": 7436122761, "l": 7436122765, "T": 1773514833561, "m": true}}
{"local_ts": 1773514833726, "server_ts": 1773514833561, "data": {"e": "aggTrade", "E": 1773514833567, "a": 3200318164, "s": "BTCUSDT", "p": "70615.90", "q": "0.002", "nq": "0.002", "f": 7436122766, "l": 7436122767, "T": 1773514833561, "m": true}}
{"local_ts": 1773514833726, "server_ts": 1773514833561, "data": {"e": "aggTrade", "E": 1773514833567, "a": 3200318165, "s": "BTCUSDT", "p": "70615.80", "q": "0.003", "nq": "0.003", "f": 7436122768, "l": 7436122769, "T": 1773514833561, "m": true}}
{"local_ts": 1773514833726, "server_ts": 1773514833561, "data": {"e": "aggTrade", "E": 1773514833567, "a": 3200318166, "s": "BTCUSDT", "p": "70615.70", "q": "0.006", "nq": "0.006", "f": 7436122770, "l": 7436122772, "T": 1773514833561, "m": true}}
{"local_ts": 1773514833727, "server_ts": 1773514833561, "data": {"e": "aggTrade", "E": 1773514833567, "a": 3200318167, "s": "BTCUSDT", "p": "70615.60", "q": "0.016", "nq": "0.016", "f": 7436122773, "l": 7436122774, "T": 1773514833561, "m": true}}
{"local_ts": 1773514833727, "server_ts": 1773514833561, "data": {"e": "aggTrade", "E": 1773514833569, "a": 3200318168, "s": "BTCUSDT", "p": "70615.40", "q": "0.009", "nq": "0.009", "f": 7436122775, "l": 7436122777, "T": 1773514833561, "m": true}}
{"local_ts": 1773514833727, "server_ts": 1773514833562, "data": {"e": "aggTrade", "E": 1773514833569, "a": 3200318169, "s": "BTCUSDT", "p": "70615.30", "q": "0.001", "nq": "0.001", "f": 7436122778, "l": 7436122778, "T": 1773514833562, "m": true}}
{"local_ts": 1773514833728, "server_ts": 1773514833562, "data": {"e": "aggTrade", "E": 1773514833569, "a": 3200318170, "s": "BTCUSDT", "p": "70615.20", "q": "0.005", "nq": "0.005", "f": 7436122779, "l": 7436122780, "T": 1773514833562, "m": true}}
{"local_ts": 1773514833728, "server_ts": 1773514833562, "data": {"e": "aggTrade", "E": 1773514833575, "a": 3200318171, "s": "BTCUSDT", "p": "70615.00", "q": "0.005", "nq": "0.005", "f": 7436122781, "l": 7436122782, "T": 1773514833562, "m": true}}
{"local_ts": 1773514833728, "server_ts": 1773514833567, "data": {"e": "aggTrade", "E": 1773514833575, "a": 3200318172, "s": "BTCUSDT", "p": "70614.90", "q": "0.059", "nq": "0.059", "f": 7436122783, "l": 7436122784, "T": 1773514833567, "m": true}}
{"local_ts": 1773514833729, "server_ts": 1773514833567, "data": {"e": "aggTrade", "E": 1773514833575, "a": 3200318173, "s": "BTCUSDT", "p": "70614.80", "q": "0.002", "nq": "0.002", "f": 7436122785, "l": 7436122785, "T": 1773514833567, "m": true}}
{"local_ts": 1773514833729, "server_ts": 1773514833567, "data": {"e": "aggTrade", "E": 1773514833575, "a": 3200318174, "s": "BTCUSDT", "p": "70614.70", "q": "0.001", "nq": "0.001", "f": 7436122786, "l": 7436122786, "T": 1773514833567, "m": true}}
{"local_ts": 1773514833743, "server_ts": 1773514833567, "data": {"e": "aggTrade", "E": 1773514833587, "a": 3200318175, "s": "BTCUSDT", "p": "70614.60", "q": "0.004", "nq": "0.004", "f": 7436122787, "l": 7436122788, "T": 1773514833567, "m": true}}
{"local_ts": 1773514833744, "server_ts": 1773514833577, "data": {"e": "aggTrade", "E": 1773514833587, "a": 3200318176, "s": "BTCUSDT", "p": "70614.40", "q": "0.006", "nq": "0.006", "f": 7436122789, "l": 7436122791, "T": 1773514833577, "m": true}}
{"local_ts": 1773514833744, "server_ts": 1773514833577, "data": {"e": "aggTrade", "E": 1773514833587, "a": 3200318177, "s": "BTCUSDT", "p": "70614.10", "q": "0.003", "nq": "0.003", "f": 7436122792, "l": 7436122793, "T": 1773514833577, "m": true}}
{"local_ts": 1773514833745, "server_ts": 1773514833577, "data": {"e": "aggTrade", "E": 1773514833587, "a": 3200318178, "s": "BTCUSDT", "p": "70614.00", "q": "0.002", "nq": "0.002", "f": 7436122794, "l": 7436122794, "T": 1773514833577, "m": true}}
{"local_ts": 1773514833745, "server_ts": 1773514833577, "data": {"e": "aggTrade", "E": 1773514833598, "a": 3200318179, "s": "BTCUSDT", "p": "70613.90", "q": "0.003", "nq": "0.003", "f": 7436122795, "l": 7436122796, "T": 1773514833577, "m": true}}
{"local_ts": 1773514833747, "server_ts": 1773514833590, "data": {"e": "aggTrade", "E": 1773514833601, "a": 3200318180, "s": "BTCUSDT", "p": "70613.70", "q": "0.042", "nq": "0.042", "f": 7436122797, "l": 7436122801, "T": 1773514833590, "m": true}}
{"local_ts": 1773514833748, "server_ts": 1773514833595, "data": {"e": "aggTrade", "E": 1773514833601, "a": 3200318181, "s": "BTCUSDT", "p": "70613.40", "q": "0.003", "nq": "0.003", "f": 7436122802, "l": 7436122803, "T": 1773514833595, "m": true}}
{"local_ts": 1773514833748, "server_ts": 1773514833595, "data": {"e": "aggTrade", "E": 1773514833601, "a": 3200318182, "s": "BTCUSDT", "p": "70613.30", "q": "0.001", "nq": "0.001", "f": 7436122804, "l": 7436122804, "T": 1773514833595, "m": true}}
{"local_ts": 1773514833749, "server_ts": 1773514833595, "data": {"e": "aggTrade", "E": 1773514833601, "a": 3200318183, "s": "BTCUSDT", "p": "70613.00", "q": "0.001", "nq": "0.001", "f": 7436122805, "l": 7436122805, "T": 1773514833595, "m": true}}
{"local_ts": 1773514833749, "server_ts": 1773514833595, "data": {"e": "aggTrade", "E": 1773514833603, "a": 3200318184, "s": "BTCUSDT", "p": "70612.80", "q": "0.002", "nq": "0.002", "f": 7436122806, "l": 7436122806, "T": 1773514833595, "m": true}}
{"local_ts": 1773514833751, "server_ts": 1773514833596, "data": {"e": "aggTrade", "E": 1773514833607, "a": 3200318185, "s": "BTCUSDT", "p": "70612.60", "q": "0.007", "nq": "0.007", "f": 7436122807, "l": 7436122810, "T": 1773514833596, "m": true}}
{"local_ts": 1773514833751, "server_ts": 1773514833600, "data": {"e": "aggTrade", "E": 1773514833607, "a": 3200318186, "s": "BTCUSDT", "p": "70612.50", "q": "0.005", "nq": "0.005", "f": 7436122811, "l": 7436122812, "T": 1773514833600, "m": true}}
{"local_ts": 1773514833751, "server_ts": 1773514833600, "data": {"e": "aggTrade", "E": 1773514833607, "a": 3200318187, "s": "BTCUSDT", "p": "70612.40", "q": "0.008", "nq": "0.008", "f": 7436122813, "l": 7436122815, "T": 1773514833600, "m": true}}
{"local_ts": 1773514833752, "server_ts": 1773514833600, "data": {"e": "aggTrade", "E": 1773514833607, "a": 3200318188, "s": "BTCUSDT", "p": "70612.30", "q": "0.001", "nq": "0.001", "f": 7436122816, "l": 7436122816, "T": 1773514833600, "m": true}}
{"local_ts": 1773514833752, "server_ts": 1773514833600, "data": {"e": "aggTrade", "E": 1773514833607, "a": 3200318189, "s": "BTCUSDT", "p": "70612.20", "q": "0.004", "nq": "0.004", "f": 7436122817, "l": 7436122818, "T": 1773514833600, "m": true}}
{"local_ts": 1773514833752, "server_ts": 1773514833600, "data": {"e": "aggTrade", "E": 1773514833607, "a": 3200318190, "s": "BTCUSDT", "p": "70612.00", "q": "0.005", "nq": "0.005", "f": 7436122819, "l": 7436122820, "T": 1773514833600, "m": true}}
{"local_ts": 1773514833753, "server_ts": 1773514833600, "data": {"e": "aggTrade", "E": 1773514833607, "a": 3200318191, "s": "BTCUSDT", "p": "70611.90", "q": "0.001", "nq": "0.001", "f": 7436122821, "l": 7436122821, "T": 1773514833600, "m": true}}
{"local_ts": 1773514833901, "server_ts": 1773514833600, "data": {"e": "aggTrade", "E": 1773514833758, "a": 3200318192, "s": "BTCUSDT", "p": "70611.70", "q": "0.004", "nq": "0.004", "f": 7436122822, "l": 7436122823, "T": 1773514833600, "m": true}}
{"local_ts": 1773514834031, "server_ts": 1773514833877, "data": {"e": "aggTrade", "E": 1773514833886, "a": 3200318193, "s": "BTCUSDT", "p": "70611.60", "q": "0.074", "nq": "0.074", "f": 7436122824, "l": 7436122828, "T": 1773514833877, "m": true}}
{"local_ts": 1773514834031, "server_ts": 1773514833881, "data": {"e": "aggTrade", "E": 1773514833886, "a": 3200318194, "s": "BTCUSDT", "p": "70611.50", "q": "0.005", "nq": "0.005", "f": 7436122829, "l": 7436122830, "T": 1773514833881, "m": true}}
{"local_ts": 1773514834032, "server_ts": 1773514833881, "data": {"e": "aggTrade", "E": 1773514833886, "a": 3200318195, "s": "BTCUSDT", "p": "70611.40", "q": "0.004", "nq": "0.004", "f": 7436122831, "l": 7436122832, "T": 1773514833881, "m": true}}
{"local_ts": 1773514834032, "server_ts": 1773514833881, "data": {"e": "aggTrade", "E": 1773514833886, "a": 3200318196, "s": "BTCUSDT", "p": "70611.10", "q": "0.002", "nq": "0.002", "f": 7436122833, "l": 7436122833, "T": 1773514833881, "m": true}}
{"local_ts": 1773514834032, "server_ts": 1773514833881, "data": {"e": "aggTrade", "E": 1773514833886, "a": 3200318197, "s": "BTCUSDT", "p": "70611.00", "q": "0.003", "nq": "0.003", "f": 7436122834, "l": 7436122835, "T": 1773514833881, "m": true}}
{"local_ts": 1773514834033, "server_ts": 1773514833881, "data": {"e": "aggTrade", "E": 1773514833886, "a": 3200318198, "s": "BTCUSDT", "p": "70610.90", "q": "0.020", "nq": "0.020", "f": 7436122836, "l": 7436122837, "T": 1773514833881, "m": true}}
{"local_ts": 1773514834033, "server_ts": 1773514833882, "data": {"e": "aggTrade", "E": 1773514833886, "a": 3200318199, "s": "BTCUSDT", "p": "70610.70", "q": "0.004", "nq": "0.004", "f": 7436122838, "l": 7436122839, "T": 1773514833882, "m": true}}
{"local_ts": 1773514834033, "server_ts": 1773514833882, "data": {"e": "aggTrade", "E": 1773514833886, "a": 3200318200, "s": "BTCUSDT", "p": "70610.50", "q": "0.001", "nq": "0.001", "f": 7436122840, "l": 7436122840, "T": 1773514833882, "m": true}}
{"local_ts": 1773514834034, "server_ts": 1773514833882, "data": {"e": "aggTrade", "E": 1773514833886, "a": 3200318201, "s": "BTCUSDT", "p": "70610.40", "q": "0.118", "nq": "0.118", "f": 7436122841, "l": 7436122842, "T": 1773514833882, "m": true}}
{"local_ts": 1773514834034, "server_ts": 1773514833882, "data": {"e": "aggTrade", "E": 1773514833888, "a": 3200318202, "s": "BTCUSDT", "p": "70610.30", "q": "0.001", "nq": "0.001", "f": 7436122843, "l": 7436122843, "T": 1773514833882, "m": true}}
{"local_ts": 1773514834034, "server_ts": 1773514833883, "data": {"e": "aggTrade", "E": 1773514833888, "a": 3200318203, "s": "BTCUSDT", "p": "70610.00", "q": "0.103", "nq": "0.103", "f": 7436122844, "l": 7436122847, "T": 1773514833883, "m": true}}
{"local_ts": 1773514834035, "server_ts": 1773514833883, "data": {"e": "aggTrade", "E": 1773514833888, "a": 3200318204, "s": "BTCUSDT", "p": "70609.90", "q": "0.008", "nq": "0.008", "f": 7436122848, "l": 7436122850, "T": 1773514833883, "m": true}}
{"local_ts": 1773514834040, "server_ts": 1773514833883, "data": {"e": "aggTrade", "E": 1773514833897, "a": 3200318205, "s": "BTCUSDT", "p": "70609.80", "q": "0.007", "nq": "0.007", "f": 7436122851, "l": 7436122852, "T": 1773514833883, "m": true}}
{"local_ts": 1773514834043, "server_ts": 1773514833889, "data": {"e": "aggTrade", "E": 1773514833897, "a": 3200318206, "s": "BTCUSDT", "p": "70609.70", "q": "0.003", "nq": "0.003", "f": 7436122853, "l": 7436122853, "T": 1773514833889, "m": true}}
{"local_ts": 1773514834043, "server_ts": 1773514833889, "data": {"e": "aggTrade", "E": 1773514833897, "a": 3200318207, "s": "BTCUSDT", "p": "70609.60", "q": "0.002", "nq": "0.002", "f": 7436122854, "l": 7436122854, "T": 1773514833889, "m": true}}
{"local_ts": 1773514834044, "server_ts": 1773514833889, "data": {"e": "aggTrade", "E": 1773514833897, "a": 3200318208, "s": "BTCUSDT", "p": "70609.50", "q": "0.001", "nq": "0.001", "f": 7436122855, "l": 7436122855, "T": 1773514833889, "m": true}}
{"local_ts": 1773514834044, "server_ts": 1773514833889, "data": {"e": "aggTrade", "E": 1773514833897, "a": 3200318209, "s": "BTCUSDT", "p": "70609.40", "q": "0.006", "nq": "0.006", "f": 7436122856, "l": 7436122858, "T": 1773514833889, "m": true}}
{"local_ts": 1773514834044, "server_ts": 1773514833889, "data": {"e": "aggTrade", "E": 1773514833897, "a": 3200318210, "s": "BTCUSDT", "p": "70609.30", "q": "0.008", "nq": "0.008", "f": 7436122859, "l": 7436122859, "T": 1773514833889, "m": true}}
{"local_ts": 1773514834065, "server_ts": 1773514833889, "data": {"e": "aggTrade", "E": 1773514833922, "a": 3200318211, "s": "BTCUSDT", "p": "70609.20", "q": "0.006", "nq": "0.006", "f": 7436122860, "l": 7436122863, "T": 1773514833889, "m": true}}
{"local_ts": 1773514834195, "server_ts": 1773514833911, "data": {"e": "aggTrade", "E": 1773514834046, "a": 3200318212, "s": "BTCUSDT", "p": "70609.10", "q": "0.013", "nq": "0.013", "f": 7436122864, "l": 7436122865, "T": 1773514833911, "m": true}}
{"local_ts": 1773514834343, "server_ts": 1773514834044, "data": {"e": "aggTrade", "E": 1773514834197, "a": 3200318213, "s": "BTCUSDT", "p": "70609.20", "q": "0.003", "nq": "0.003", "f": 7436122866, "l": 7436122866, "T": 1773514834044, "m": false}}
{"local_ts": 1773514835419, "server_ts": 1773514835248, "data": {"e": "aggTrade", "E": 1773514835277, "a": 3200318214, "s": "BTCUSDT", "p": "70609.10", "q": "0.012", "nq": "0.012", "f": 7436122867, "l": 7436122867, "T": 1773514835248, "m": true}}
{"local_ts": 1773514835573, "server_ts": 1773514835274, "data": {"e": "aggTrade", "E": 1773514835428, "a": 3200318215, "s": "BTCUSDT", "p": "70609.20", "q": "0.002", "nq": "0.002", "f": 7436122868, "l": 7436122868, "T": 1773514835274, "m": false}}
{"local_ts": 1773514835903, "server_ts": 1773514835607, "data": {"e": "aggTrade", "E": 1773514835760, "a": 3200318216, "s": "BTCUSDT", "p": "70609.20", "q": "0.004", "nq": "0.004", "f": 7436122869, "l": 7436122869, "T": 1773514835607, "m": false}}
{"local_ts": 1773514836191, "server_ts": 1773514835894, "data": {"e": "aggTrade", "E": 1773514836047, "a": 3200318217, "s": "BTCUSDT", "p": "70609.20", "q": "0.004", "nq": "0.004", "f": 7436122870, "l": 7436122870, "T": 1773514835894, "m": false}}
{"local_ts": 1773514836355, "server_ts": 1773514836206, "data": {"e": "aggTrade", "E": 1773514836213, "a": 3200318218, "s": "BTCUSDT", "p": "70609.10", "q": "0.047", "nq": "0.047", "f": 7436122871, "l": 7436122876, "T": 1773514836206, "m": true}}
{"local_ts": 1773514836356, "server_ts": 1773514836209, "data": {"e": "aggTrade", "E": 1773514836213, "a": 3200318219, "s": "BTCUSDT", "p": "70609.00", "q": "0.014", "nq": "0.014", "f": 7436122877, "l": 7436122882, "T": 1773514836209, "m": true}}
{"local_ts": 1773514836357, "server_ts": 1773514836209, "data": {"e": "aggTrade", "E": 1773514836213, "a": 3200318220, "s": "BTCUSDT", "p": "70608.90", "q": "0.004", "nq": "0.004", "f": 7436122883, "l": 7436122885, "T": 1773514836209, "m": true}}
{"local_ts": 1773514836357, "server_ts": 1773514836209, "data": {"e": "aggTrade", "E": 1773514836213, "a": 3200318221, "s": "BTCUSDT", "p": "70608.80", "q": "0.002", "nq": "0.002", "f": 7436122886, "l": 7436122886, "T": 1773514836209, "m": true}}
{"local_ts": 1773514836358, "server_ts": 1773514836209, "data": {"e": "aggTrade", "E": 1773514836215, "a": 3200318222, "s": "BTCUSDT", "p": "70608.60", "q": "0.006", "nq": "0.006", "f": 7436122887, "l": 7436122889, "T": 1773514836209, "m": true}}
{"local_ts": 1773514836358, "server_ts": 1773514836211, "data": {"e": "aggTrade", "E": 1773514836215, "a": 3200318223, "s": "BTCUSDT", "p": "70608.30", "q": "0.069", "nq": "0.069", "f": 7436122890, "l": 7436122890, "T": 1773514836211, "m": true}}
{"local_ts": 1773514836360, "server_ts": 1773514836212, "data": {"e": "aggTrade", "E": 1773514836217, "a": 3200318224, "s": "BTCUSDT", "p": "70608.00", "q": "0.219", "nq": "0.219", "f": 7436122891, "l": 7436122896, "T": 1773514836212, "m": true}}
{"local_ts": 1773514836361, "server_ts": 1773514836214, "data": {"e": "aggTrade", "E": 1773514836217, "a": 3200318225, "s": "BTCUSDT", "p": "70607.90", "q": "0.001", "nq": "0.001", "f": 7436122897, "l": 7436122897, "T": 1773514836214, "m": true}}
{"local_ts": 1773514836362, "server_ts": 1773514836214, "data": {"e": "aggTrade", "E": 1773514836219, "a": 3200318226, "s": "BTCUSDT", "p": "70607.60", "q": "0.001", "nq": "0.001", "f": 7436122898, "l": 7436122898, "T": 1773514836214, "m": true}}
{"local_ts": 1773514836363, "server_ts": 1773514836216, "data": {"e": "aggTrade", "E": 1773514836219, "a": 3200318227, "s": "BTCUSDT", "p": "70607.50", "q": "0.002", "nq": "0.002", "f": 7436122899, "l": 7436122899, "T": 1773514836216, "m": true}}
{"local_ts": 1773514836363, "server_ts": 1773514836216, "data": {"e": "aggTrade", "E": 1773514836219, "a": 3200318228, "s": "BTCUSDT", "p": "70607.40", "q": "0.004", "nq": "0.004", "f": 7436122900, "l": 7436122901, "T": 1773514836216, "m": true}}
{"local_ts": 1773514836364, "server_ts": 1773514836216, "data": {"e": "aggTrade", "E": 1773514836219, "a": 3200318229, "s": "BTCUSDT", "p": "70607.00", "q": "0.001", "nq": "0.001", "f": 7436122902, "l": 7436122902, "T": 1773514836216, "m": true}}
{"local_ts": 1773514836364, "server_ts": 1773514836216, "data": {"e": "aggTrade", "E": 1773514836219, "a": 3200318230, "s": "BTCUSDT", "p": "70606.80", "q": "0.002", "nq": "0.002", "f": 7436122903, "l": 7436122903, "T": 1773514836216, "m": true}}
{"local_ts": 1773514836365, "server_ts": 1773514836216, "data": {"e": "aggTrade", "E": 1773514836219, "a": 3200318231, "s": "BTCUSDT", "p": "70606.70", "q": "0.003", "nq": "0.003", "f": 7436122904, "l": 7436122904, "T": 1773514836216, "m": true}}
{"local_ts": 1773514836365, "server_ts": 1773514836216, "data": {"e": "aggTrade", "E": 1773514836219, "a": 3200318232, "s": "BTCUSDT", "p": "70606.50", "q": "0.001", "nq": "0.001", "f": 7436122905, "l": 7436122905, "T": 1773514836216, "m": true}}
{"local_ts": 1773514836365, "server_ts": 1773514836216, "data": {"e": "aggTrade", "E": 1773514836219, "a": 3200318233, "s": "BTCUSDT", "p": "70606.40", "q": "0.048", "nq": "0.048", "f": 7436122906, "l": 7436122906, "T": 1773514836216, "m": true}}
{"local_ts": 1773514836366, "server_ts": 1773514836216, "data": {"e": "aggTrade", "E": 1773514836219, "a": 3200318234, "s": "BTCUSDT", "p": "70606.20", "q": "0.002", "nq": "0.002", "f": 7436122907, "l": 7436122908, "T": 1773514836216, "m": true}}
{"local_ts": 1773514836512, "server_ts": 1773514836216, "data": {"e": "aggTrade", "E": 1773514836370, "a": 3200318235, "s": "BTCUSDT", "p": "70606.10", "q": "0.107", "nq": "0.107", "f": 7436122909, "l": 7436122916, "T": 1773514836216, "m": true}}
{"local_ts": 1773514837184, "server_ts": 1773514836889, "data": {"e": "aggTrade", "E": 1773514837042, "a": 3200318236, "s": "BTCUSDT", "p": "70606.20", "q": "0.029", "nq": "0.029", "f": 7436122917, "l": 7436122917, "T": 1773514836889, "m": false}}
{"local_ts": 1773514838388, "server_ts": 1773514838091, "data": {"e": "aggTrade", "E": 1773514838244, "a": 3200318237, "s": "BTCUSDT", "p": "70606.10", "q": "0.016", "nq": "0.016", "f": 7436122918, "l": 7436122919, "T": 1773514838091, "m": true}}
{"local_ts": 1773514838799, "server_ts": 1773514838500, "data": {"e": "aggTrade", "E": 1773514838653, "a": 3200318238, "s": "BTCUSDT", "p": "70606.10", "q": "0.003", "nq": "0.003", "f": 7436122920, "l": 7436122920, "T": 1773514838500, "m": true}}
{"local_ts": 1773514839074, "server_ts": 1773514838764, "data": {"e": "aggTrade", "E": 1773514838917, "a": 3200318239, "s": "BTCUSDT", "p": "70606.20", "q": "0.039", "nq": "0.039", "f": 7436122921, "l": 7436122921, "T": 1773514838764, "m": false}}
{"local_ts": 1773514839332, "server_ts": 1773514839187, "data": {"e": "aggTrade", "E": 1773514839188, "a": 3200318240, "s": "BTCUSDT", "p": "70606.20", "q": "0.002", "nq": "0.002", "f": 7436122922, "l": 7436122922, "T": 1773514839187, "m": false}}
{"local_ts": 1773514839482, "server_ts": 1773514839187, "data": {"e": "aggTrade", "E": 1773514839339, "a": 3200318241, "s": "BTCUSDT", "p": "70606.10", "q": "0.002", "nq": "0.002", "f": 7436122923, "l": 7436122923, "T": 1773514839187, "m": true}}
{"local_ts": 1773514840925, "server_ts": 1773514840629, "data": {"e": "aggTrade", "E": 1773514840782, "a": 3200318242, "s": "BTCUSDT", "p": "70606.10", "q": "0.012", "nq": "0.012", "f": 7436122925, "l": 7436122925, "T": 1773514840629, "m": true}}
{"local_ts": 1773514841093, "server_ts": 1773514840946, "data": {"e": "aggTrade", "E": 1773514840951, "a": 3200318243, "s": "BTCUSDT", "p": "70606.10", "q": "3.260", "nq": "3.260", "f": 7436122926, "l": 7436122944, "T": 1773514840946, "m": true}}
{"local_ts": 1773514841103, "server_ts": 1773514840946, "data": {"e": "aggTrade", "E": 1773514840951, "a": 3200318244, "s": "BTCUSDT", "p": "70606.00", "q": "0.030", "nq": "0.030", "f": 7436122945, "l": 7436122948, "T": 1773514840946, "m": true}}
{"local_ts": 1773514841104, "server_ts": 1773514840946, "data": {"e": "aggTrade", "E": 1773514840951, "a": 3200318245, "s": "BTCUSDT", "p": "70605.90", "q": "0.002", "nq": "0.002", "f": 7436122949, "l": 7436122949, "T": 1773514840946, "m": true}}
{"local_ts": 1773514841104, "server_ts": 1773514840946, "data": {"e": "aggTrade", "E": 1773514840951, "a": 3200318246, "s": "BTCUSDT", "p": "70605.80", "q": "0.116", "nq": "0.116", "f": 7436122950, "l": 7436122952, "T": 1773514840946, "m": true}}
{"local_ts": 1773514841105, "server_ts": 1773514840946, "data": {"e": "aggTrade", "E": 1773514840951, "a": 3200318247, "s": "BTCUSDT", "p": "70605.60", "q": "0.015", "nq": "0.015", "f": 7436122953, "l": 7436122953, "T": 1773514840946, "m": true}}
{"local_ts": 1773514841105, "server_ts": 1773514840946, "data": {"e": "aggTrade", "E": 1773514840951, "a": 3200318248, "s": "BTCUSDT", "p": "70605.50", "q": "0.006", "nq": "0.006", "f": 7436122954, "l": 7436122956, "T": 1773514840946, "m": true}}
{"local_ts": 1773514841105, "server_ts": 1773514840946, "data": {"e": "aggTrade", "E": 1773514840951, "a": 3200318249, "s": "BTCUSDT", "p": "70605.40", "q": "0.006", "nq": "0.006", "f": 7436122957, "l": 7436122959, "T": 1773514840946, "m": true}}
{"local_ts": 1773514841106, "server_ts": 1773514840946, "data": {"e": "aggTrade", "E": 1773514840951, "a": 3200318250, "s": "BTCUSDT", "p": "70605.30", "q": "0.057", "nq": "0.057", "f": 7436122960, "l": 7436122962, "T": 1773514840946, "m": true}}
{"local_ts": 1773514841106, "server_ts": 1773514840946, "data": {"e": "aggTrade", "E": 1773514840951, "a": 3200318251, "s": "BTCUSDT", "p": "70605.20", "q": "0.002", "nq": "0.002", "f": 7436122963, "l": 7436122963, "T": 1773514840946, "m": true}}
{"local_ts": 1773514841106, "server_ts": 1773514840946, "data": {"e": "aggTrade", "E": 1773514840951, "a": 3200318252, "s": "BTCUSDT", "p": "70605.10", "q": "0.018", "nq": "0.018", "f": 7436122964, "l": 7436122968, "T": 1773514840946, "m": true}}
{"local_ts": 1773514841107, "server_ts": 1773514840946, "data": {"e": "aggTrade", "E": 1773514840951, "a": 3200318253, "s": "BTCUSDT", "p": "70605.00", "q": "0.022", "nq": "0.022", "f": 7436122969, "l": 7436122973, "T": 1773514840946, "m": true}}
{"local_ts": 1773514841107, "server_ts": 1773514840946, "data": {"e": "aggTrade", "E": 1773514840951, "a": 3200318254, "s": "BTCUSDT", "p": "70604.70", "q": "0.003", "nq": "0.003", "f": 7436122974, "l": 7436122975, "T": 1773514840946, "m": true}}
{"local_ts": 1773514841107, "server_ts": 1773514840946, "data": {"e": "aggTrade", "E": 1773514840951, "a": 3200318255, "s": "BTCUSDT", "p": "70604.20", "q": "0.274", "nq": "0.274", "f": 7436122976, "l": 7436122977, "T": 1773514840946, "m": true}}
{"local_ts": 1773514841108, "server_ts": 1773514840946, "data": {"e": "aggTrade", "E": 1773514840951, "a": 3200318256, "s": "BTCUSDT", "p": "70604.10", "q": "0.010", "nq": "0.010", "f": 7436122978, "l": 7436122980, "T": 1773514840946, "m": true}}
{"local_ts": 1773514841108, "server_ts": 1773514840946, "data": {"e": "aggTrade", "E": 1773514840951, "a": 3200318257, "s": "BTCUSDT", "p": "70604.00", "q": "0.003", "nq": "0.003", "f": 7436122981, "l": 7436122981, "T": 1773514840946, "m": true}}
{"local_ts": 1773514841108, "server_ts": 1773514840946, "data": {"e": "aggTrade", "E": 1773514840951, "a": 3200318258, "s": "BTCUSDT", "p": "70603.90", "q": "0.001", "nq": "0.001", "f": 7436122982, "l": 7436122982, "T": 1773514840946, "m": true}}
{"local_ts": 1773514841109, "server_ts": 1773514840946, "data": {"e": "aggTrade", "E": 1773514840951, "a": 3200318259, "s": "BTCUSDT", "p": "70603.80", "q": "0.002", "nq": "0.002", "f": 7436122983, "l": 7436122983, "T": 1773514840946, "m": true}}
{"local_ts": 1773514841109, "server_ts": 1773514840946, "data": {"e": "aggTrade", "E": 1773514840951, "a": 3200318260, "s": "BTCUSDT", "p": "70603.60", "q": "0.234", "nq": "0.234", "f": 7436122984, "l": 7436122986, "T": 1773514840946, "m": true}}
{"local_ts": 1773514841109, "server_ts": 1773514840946, "data": {"e": "aggTrade", "E": 1773514840951, "a": 3200318261, "s": "BTCUSDT", "p": "70603.40", "q": "0.011", "nq": "0.011", "f": 7436122987, "l": 7436122989, "T": 1773514840946, "m": true}}
{"local_ts": 1773514841110, "server_ts": 1773514840946, "data": {"e": "aggTrade", "E": 1773514840951, "a": 3200318262, "s": "BTCUSDT", "p": "70603.30", "q": "0.013", "nq": "0.013", "f": 7436122990, "l": 7436122992, "T": 1773514840946, "m": true}}
{"local_ts": 1773514841110, "server_ts": 1773514840946, "data": {"e": "aggTrade", "E": 1773514840951, "a": 3200318263, "s": "BTCUSDT", "p": "70603.20", "q": "0.002", "nq": "0.002", "f": 7436122993, "l": 7436122993, "T": 1773514840946, "m": true}}
{"local_ts": 1773514841110, "server_ts": 1773514840946, "data": {"e": "aggTrade", "E": 1773514840951, "a": 3200318264, "s": "BTCUSDT", "p": "70603.10", "q": "0.002", "nq": "0.002", "f": 7436122994, "l": 7436122994, "T": 1773514840946, "m": true}}
{"local_ts": 1773514841111, "server_ts": 1773514840946, "data": {"e": "aggTrade", "E": 1773514840951, "a": 3200318265, "s": "BTCUSDT", "p": "70603.00", "q": "0.003", "nq": "0.003", "f": 7436122995, "l": 7436122996, "T": 1773514840946, "m": true}}
{"local_ts": 1773514841111, "server_ts": 1773514840946, "data": {"e": "aggTrade", "E": 1773514840951, "a": 3200318266, "s": "BTCUSDT", "p": "70602.70", "q": "0.001", "nq": "0.001", "f": 7436122997, "l": 7436122997, "T": 1773514840946, "m": true}}
{"local_ts": 1773514841111, "server_ts": 1773514840946, "data": {"e": "aggTrade", "E": 1773514840951, "a": 3200318267, "s": "BTCUSDT", "p": "70602.60", "q": "0.282", "nq": "0.282", "f": 7436122998, "l": 7436123002, "T": 1773514840946, "m": true}}
{"local_ts": 1773514841189, "server_ts": 1773514840946, "data": {"e": "aggTrade", "E": 1773514841039, "a": 3200318268, "s": "BTCUSDT", "p": "70602.50", "q": "0.627", "nq": "0.627", "f": 7436123003, "l": 7436123003, "T": 1773514840946, "m": true}}
{"local_ts": 1773514841189, "server_ts": 1773514841034, "data": {"e": "aggTrade", "E": 1773514841039, "a": 3200318269, "s": "BTCUSDT", "p": "70604.10", "q": "0.044", "nq": "0.044", "f": 7436123004, "l": 7436123009, "T": 1773514841034, "m": true}}
{"local_ts": 1773514841190, "server_ts": 1773514841034, "data": {"e": "aggTrade", "E": 1773514841039, "a": 3200318270, "s": "BTCUSDT", "p": "70604.00", "q": "0.001", "nq": "0.001", "f": 7436123010, "l": 7436123010, "T": 1773514841034, "m": true}}
{"local_ts": 1773514841190, "server_ts": 1773514841034, "data": {"e": "aggTrade", "E": 1773514841039, "a": 3200318271, "s": "BTCUSDT", "p": "70603.50", "q": "0.002", "nq": "0.002", "f": 7436123011, "l": 7436123011, "T": 1773514841034, "m": true}}
{"local_ts": 1773514841190, "server_ts": 1773514841034, "data": {"e": "aggTrade", "E": 1773514841039, "a": 3200318272, "s": "BTCUSDT", "p": "70603.40", "q": "0.002", "nq": "0.002", "f": 7436123012, "l": 7436123012, "T": 1773514841034, "m": true}}
{"local_ts": 1773514841191, "server_ts": 1773514841034, "data": {"e": "aggTrade", "E": 1773514841046, "a": 3200318273, "s": "BTCUSDT", "p": "70603.30", "q": "0.009", "nq": "0.009", "f": 7436123013, "l": 7436123013, "T": 1773514841034, "m": true}}
{"local_ts": 1773514841191, "server_ts": 1773514841043, "data": {"e": "aggTrade", "E": 1773514841046, "a": 3200318274, "s": "BTCUSDT", "p": "70602.60", "q": "0.005", "nq": "0.005", "f": 7436123014, "l": 7436123015, "T": 1773514841043, "m": true}}
{"local_ts": 1773514841343, "server_ts": 1773514841043, "data": {"e": "aggTrade", "E": 1773514841197, "a": 3200318275, "s": "BTCUSDT", "p": "70602.50", "q": "0.002", "nq": "0.002", "f": 7436123016, "l": 7436123017, "T": 1773514841043, "m": true}}
{"local_ts": 1773514841501, "server_ts": 1773514841335, "data": {"e": "aggTrade", "E": 1773514841355, "a": 3200318276, "s": "BTCUSDT", "p": "70602.40", "q": "0.196", "nq": "0.196", "f": 7436123018, "l": 7436123031, "T": 1773514841335, "m": true}}
{"local_ts": 1773514841502, "server_ts": 1773514841353, "data": {"e": "aggTrade", "E": 1773514841355, "a": 3200318277, "s": "BTCUSDT", "p": "70602.20", "q": "0.002", "nq": "0.002", "f": 7436123032, "l": 7436123032, "T": 1773514841353, "m": true}}
{"local_ts": 1773514841502, "server_ts": 1773514841353, "data": {"e": "aggTrade", "E": 1773514841355, "a": 3200318278, "s": "BTCUSDT", "p": "70602.10", "q": "0.002", "nq": "0.002", "f": 7436123033, "l": 7436123033, "T": 1773514841353, "m": true}}
{"local_ts": 1773514841503, "server_ts": 1773514841353, "data": {"e": "aggTrade", "E": 1773514841355, "a": 3200318279, "s": "BTCUSDT", "p": "70602.00", "q": "0.010", "nq": "0.010", "f": 7436123034, "l": 7436123037, "T": 1773514841353, "m": true}}
{"local_ts": 1773514841503, "server_ts": 1773514841353, "data": {"e": "aggTrade", "E": 1773514841355, "a": 3200318280, "s": "BTCUSDT", "p": "70601.80", "q": "0.004", "nq": "0.004", "f": 7436123038, "l": 7436123039, "T": 1773514841353, "m": true}}
{"local_ts": 1773514841503, "server_ts": 1773514841353, "data": {"e": "aggTrade", "E": 1773514841355, "a": 3200318281, "s": "BTCUSDT", "p": "70601.60", "q": "0.003", "nq": "0.003", "f": 7436123040, "l": 7436123040, "T": 1773514841353, "m": true}}
{"local_ts": 1773514841504, "server_ts": 1773514841353, "data": {"e": "aggTrade", "E": 1773514841355, "a": 3200318282, "s": "BTCUSDT", "p": "70601.50", "q": "0.001", "nq": "0.001", "f": 7436123041, "l": 7436123041, "T": 1773514841353, "m": true}}
{"local_ts": 1773514841504, "server_ts": 1773514841353, "data": {"e": "aggTrade", "E": 1773514841355, "a": 3200318283, "s": "BTCUSDT", "p": "70601.40", "q": "0.002", "nq": "0.002", "f": 7436123042, "l": 7436123042, "T": 1773514841353, "m": true}}
{"local_ts": 1773514841505, "server_ts": 1773514841353, "data": {"e": "aggTrade", "E": 1773514841355, "a": 3200318284, "s": "BTCUSDT", "p": "70601.30", "q": "0.007", "nq": "0.007", "f": 7436123043, "l": 7436123045, "T": 1773514841353, "m": true}}
{"local_ts": 1773514841505, "server_ts": 1773514841353, "data": {"e": "aggTrade", "E": 1773514841355, "a": 3200318285, "s": "BTCUSDT", "p": "70601.20", "q": "0.002", "nq": "0.002", "f": 7436123046, "l": 7436123046, "T": 1773514841353, "m": true}}
{"local_ts": 1773514841505, "server_ts": 1773514841353, "data": {"e": "aggTrade", "E": 1773514841355, "a": 3200318286, "s": "BTCUSDT", "p": "70601.00", "q": "0.009", "nq": "0.009", "f": 7436123047, "l": 7436123050, "T": 1773514841353, "m": true}}
{"local_ts": 1773514841506, "server_ts": 1773514841353, "data": {"e": "aggTrade", "E": 1773514841355, "a": 3200318287, "s": "BTCUSDT", "p": "70600.60", "q": "0.010", "nq": "0.010", "f": 7436123051, "l": 7436123051, "T": 1773514841353, "m": true}}
{"local_ts": 1773514841506, "server_ts": 1773514841353, "data": {"e": "aggTrade", "E": 1773514841355, "a": 3200318288, "s": "BTCUSDT", "p": "70600.50", "q": "0.001", "nq": "0.001", "f": 7436123052, "l": 7436123052, "T": 1773514841353, "m": true}}
{"local_ts": 1773514841506, "server_ts": 1773514841353, "data": {"e": "aggTrade", "E": 1773514841355, "a": 3200318289, "s": "BTCUSDT", "p": "70600.40", "q": "0.002", "nq": "0.002", "f": 7436123053, "l": 7436123053, "T": 1773514841353, "m": true}}
{"local_ts": 1773514841507, "server_ts": 1773514841353, "data": {"e": "aggTrade", "E": 1773514841355, "a": 3200318290, "s": "BTCUSDT", "p": "70600.30", "q": "0.003", "nq": "0.003", "f": 7436123054, "l": 7436123054, "T": 1773514841353, "m": true}}
{"local_ts": 1773514841507, "server_ts": 1773514841353, "data": {"e": "aggTrade", "E": 1773514841360, "a": 3200318291, "s": "BTCUSDT", "p": "70600.20", "q": "0.214", "nq": "0.214", "f": 7436123055, "l": 7436123056, "T": 1773514841353, "m": true}}
{"local_ts": 1773514841657, "server_ts": 1773514841356, "data": {"e": "aggTrade", "E": 1773514841511, "a": 3200318292, "s": "BTCUSDT", "p": "70600.00", "q": "0.020", "nq": "0.020", "f": 7436123057, "l": 7436123062, "T": 1773514841356, "m": true}}
{"local_ts": 1773514842484, "server_ts": 1773514842188, "data": {"e": "aggTrade", "E": 1773514842341, "a": 3200318293, "s": "BTCUSDT", "p": "70600.00", "q": "0.009", "nq": "0.009", "f": 7436123063, "l": 7436123063, "T": 1773514842188, "m": true}}
{"local_ts": 1773514842717, "server_ts": 1773514842421, "data": {"e": "aggTrade", "E": 1773514842574, "a": 3200318294, "s": "BTCUSDT", "p": "70600.00", "q": "0.002", "nq": "0.002", "f": 7436123064, "l": 7436123064, "T": 1773514842421, "m": true}}
{"local_ts": 1773514843005, "server_ts": 1773514842707, "data": {"e": "aggTrade", "E": 1773514842861, "a": 3200318295, "s": "BTCUSDT", "p": "70600.00", "q": "0.005", "nq": "0.005", "f": 7436123065, "l": 7436123065, "T": 1773514842707, "m": true}}
{"local_ts": 1773514843456, "server_ts": 1773514843159, "data": {"e": "aggTrade", "E": 1773514843313, "a": 3200318296, "s": "BTCUSDT", "p": "70600.00", "q": "0.019", "nq": "0.019", "f": 7436123066, "l": 7436123067, "T": 1773514843159, "m": true}}
{"local_ts": 1773514843893, "server_ts": 1773514843596, "data": {"e": "aggTrade", "E": 1773514843749, "a": 3200318297, "s": "BTCUSDT", "p": "70600.10", "q": "0.002", "nq": "0.002", "f": 7436123068, "l": 7436123068, "T": 1773514843596, "m": false}}
{"local_ts": 1773514844152, "server_ts": 1773514843855, "data": {"e": "aggTrade", "E": 1773514844008, "a": 3200318298, "s": "BTCUSDT", "p": "70600.00", "q": "0.003", "nq": "0.003", "f": 7436123069, "l": 7436123069, "T": 1773514843855, "m": true}}
{"local_ts": 1773514845163, "server_ts": 1773514844868, "data": {"e": "aggTrade", "E": 1773514845020, "a": 3200318299, "s": "BTCUSDT", "p": "70600.00", "q": "0.010", "nq": "0.010", "f": 7436123070, "l": 7436123070, "T": 1773514844868, "m": true}}
{"local_ts": 1773514846332, "server_ts": 1773514846038, "data": {"e": "aggTrade", "E": 1773514846190, "a": 3200318300, "s": "BTCUSDT", "p": "70600.00", "q": "0.066", "nq": "0.066", "f": 7436123071, "l": 7436123071, "T": 1773514846038, "m": true}}
{"local_ts": 1773514846507, "server_ts": 1773514846211, "data": {"e": "aggTrade", "E": 1773514846364, "a": 3200318301, "s": "BTCUSDT", "p": "70600.10", "q": "0.002", "nq": "0.002", "f": 7436123072, "l": 7436123072, "T": 1773514846211, "m": false}}
