{"local_ts": 1773522000066, "server_ts": 1773521999825, "data": {"e": "aggTrade", "E": 1773521999980, "a": 3200349393, "s": "BTCUSDT", "p": "70765.30", "q": "0.053", "nq": "0.053", "f": 7436196114, "l": 7436196114, "T": 1773521999825, "m": false}}
{"local_ts": 1773522000467, "server_ts": 1773522000263, "data": {"e": "aggTrade", "E": 1773522000383, "a": 3200349394, "s": "BTCUSDT", "p": "70765.30", "q": "0.004", "nq": "0.004", "f": 7436196115, "l": 7436196115, "T": 1773522000263, "m": false}}
{"local_ts": 1773522000617, "server_ts": 1773522000380, "data": {"e": "aggTrade", "E": 1773522000530, "a": 3200349395, "s": "BTCUSDT", "p": "70765.30", "q": "0.007", "nq": "0.007", "f": 7436196116, "l": 7436196116, "T": 1773522000380, "m": false}}
{"local_ts": 1773522000768, "server_ts": 1773522000528, "data": {"e": "aggTrade", "E": 1773522000682, "a": 3200349396, "s": "BTCUSDT", "p": "70765.20", "q": "0.055", "nq": "0.055", "f": 7436196117, "l": 7436196117, "T": 1773522000528, "m": true}}
{"local_ts": 1773522001053, "server_ts": 1773522000834, "data": {"e": "aggTrade", "E": 1773522000967, "a": 3200349397, "s": "BTCUSDT", "p": "70765.20", "q": "0.558", "nq": "0.558", "f": 7436196118, "l": 7436196122, "T": 1773522000834, "m": true}}
{"local_ts": 1773522001063, "server_ts": 1773522000965, "data": {"e": "aggTrade", "E": 1773522000977, "a": 3200349398, "s": "BTCUSDT", "p": "70765.30", "q": "0.006", "nq": "0.006", "f": 7436196123, "l": 7436196124, "T": 1773522000965, "m": false}}
{"local_ts": 1773522001067, "server_ts": 1773522000969, "data": {"e": "aggTrade", "E": 1773522000980, "a": 3200349399, "s": "BTCUSDT", "p": "70765.20", "q": "4.024", "nq": "4.024", "f": 7436196125, "l": 7436196135, "T": 1773522000969, "m": true}}
{"local_ts": 1773522001113, "server_ts": 1773522000972, "data": {"e": "aggTrade", "E": 1773522001025, "a": 3200349400, "s": "BTCUSDT", "p": "70765.30", "q": "0.006", "nq": "0.006", "f": 7436196136, "l": 7436196137, "T": 1773522000972, "m": false}}
{"local_ts": 1773522001114, "server_ts": 1773522001019, "data": {"e": "aggTrade", "E": 1773522001025, "a": 3200349401, "s": "BTCUSDT", "p": "70765.20", "q": "2.134", "nq": "2.134", "f": 7436196138, "l": 7436196154, "T": 1773522001019, "m": true}}
{"local_ts": 1773522001114, "server_ts": 1773522001019, "data": {"e": "aggTrade", "E": 1773522001025, "a": 3200349402, "s": "BTCUSDT", "p": "70765.10", "q": "0.005", "nq": "0.005", "f": 7436196155, "l": 7436196157, "T": 1773522001019, "m": true}}
{"local_ts": 1773522001114, "server_ts": 1773522001019, "data": {"e": "aggTrade", "E": 1773522001025, "a": 3200349403, "s": "BTCUSDT", "p": "70765.00", "q": "0.003", "nq": "0.003", "f": 7436196158, "l": 7436196158, "T": 1773522001019, "m": true}}
{"local_ts": 1773522001115, "server_ts": 1773522001019, "data": {"e": "aggTrade", "E": 1773522001025, "a": 3200349404, "s": "BTCUSDT", "p": "70764.80", "q": "0.002", "nq": "0.002", "f": 7436196159, "l": 7436196159, "T": 1773522001019, "m": true}}
{"local_ts": 1773522001115, "server_ts": 1773522001019, "data": {"e": "aggTrade", "E": 1773522001025, "a": 3200349405, "s": "BTCUSDT", "p": "70764.50", "q": "5.005", "nq": "5.005", "f": 7436196160, "l": 7436196168, "T": 1773522001019, "m": true}}
{"local_ts": 1773522001116, "server_ts": 1773522001020, "data": {"e": "aggTrade", "E": 1773522001025, "a": 3200349406, "s": "BTCUSDT", "p": "70764.40", "q": "0.005", "nq": "0.005", "f": 7436196169, "l": 7436196171, "T": 1773522001020, "m": true}}
{"local_ts": 1773522001116, "server_ts": 1773522001020, "data": {"e": "aggTrade", "E": 1773522001025, "a": 3200349407, "s": "BTCUSDT", "p": "70764.10", "q": "0.004", "nq": "0.004", "f": 7436196172, "l": 7436196173, "T": 1773522001020, "m": true}}
{"local_ts": 1773522001116, "server_ts": 1773522001020, "data": {"e": "aggTrade", "E": 1773522001025, "a": 3200349408, "s": "BTCUSDT", "p": "70764.00", "q": "0.002", "nq": "0.002", "f": 7436196174, "l": 7436196174, "T": 1773522001020, "m": true}}
{"local_ts": 1773522001117, "server_ts": 1773522001020, "data": {"e": "aggTrade", "E": 1773522001025, "a": 3200349409, "s": "BTCUSDT", "p": "70763.80", "q": "0.003", "nq": "0.003", "f": 7436196175, "l": 7436196176, "T": 1773522001020, "m": true}}
{"local_ts": 1773522001117, "server_ts": 1773522001020, "data": {"e": "aggTrade", "E": 1773522001025, "a": 3200349410, "s": "BTCUSDT", "p": "70763.60", "q": "0.013", "nq": "0.013", "f": 7436196177, "l": 7436196177, "T": 1773522001020, "m": true}}
{"local_ts": 1773522001117, "server_ts": 1773522001020, "data": {"e": "aggTrade", "E": 1773522001025, "a": 3200349411, "s": "BTCUSDT", "p": "70763.40", "q": "0.006", "nq": "0.006", "f": 7436196178, "l": 7436196180, "T": 1773522001020, "m": true}}
{"local_ts": 1773522001118, "server_ts": 1773522001020, "data": {"e": "aggTrade", "E": 1773522001025, "a": 3200349412, "s": "BTCUSDT", "p": "70763.10", "q": "0.001", "nq": "0.001", "f": 7436196181, "l": 7436196181, "T": 1773522001020, "m": true}}
{"local_ts": 1773522001118, "server_ts": 1773522001020, "data": {"e": "aggTrade", "E": 1773522001025, "a": 3200349413, "s": "BTCUSDT", "p": "70763.00", "q": "0.006", "nq": "0.006", "f": 7436196182, "l": 7436196184, "T": 1773522001020, "m": true}}
{"local_ts": 1773522001119, "server_ts": 1773522001020, "data": {"e": "aggTrade", "E": 1773522001025, "a": 3200349414, "s": "BTCUSDT", "p": "70762.90", "q": "0.002", "nq": "0.002", "f": 7436196185, "l": 7436196185, "T": 1773522001020, "m": true}}
{"local_ts": 1773522001119, "server_ts": 1773522001020, "data": {"e": "aggTrade", "E": 1773522001026, "a": 3200349415, "s": "BTCUSDT", "p": "70762.80", "q": "0.003", "nq": "0.003", "f": 7436196186, "l": 7436196186, "T": 1773522001020, "m": true}}
{"local_ts": 1773522001119, "server_ts": 1773522001020, "data": {"e": "aggTrade", "E": 1773522001026, "a": 3200349416, "s": "BTCUSDT", "p": "70762.70", "q": "0.005", "nq": "0.005", "f": 7436196187, "l": 7436196188, "T": 1773522001020, "m": true}}
{"local_ts": 1773522001120, "server_ts": 1773522001020, "data": {"e": "aggTrade", "E": 1773522001026, "a": 3200349417, "s": "BTCUSDT", "p": "70762.60", "q": "0.004", "nq": "0.004", "f": 7436196189, "l": 7436196192, "T": 1773522001020, "m": true}}
{"local_ts": 1773522001120, "server_ts": 1773522001020, "data": {"e": "aggTrade", "E": 1773522001028, "a": 3200349418, "s": "BTCUSDT", "p": "70762.50", "q": "0.003", "nq": "0.003", "f": 7436196193, "l": 7436196195, "T": 1773522001020, "m": true}}
{"local_ts": 1773522001121, "server_ts": 1773522001021, "data": {"e": "aggTrade", "E": 1773522001028, "a": 3200349419, "s": "BTCUSDT", "p": "70762.30", "q": "0.004", "nq": "0.004", "f": 7436196196, "l": 7436196199, "T": 1773522001021, "m": true}}
{"local_ts": 1773522001121, "server_ts": 1773522001021, "data": {"e": "aggTrade", "E": 1773522001028, "a": 3200349420, "s": "BTCUSDT", "p": "70762.20", "q": "0.001", "nq": "0.001", "f": 7436196200, "l": 7436196200, "T": 1773522001021, "m": true}}
{"local_ts": 1773522001121, "server_ts": 1773522001021, "data": {"e": "aggTrade", "E": 1773522001028, "a": 3200349421, "s": "BTCUSDT", "p": "70762.10", "q": "0.215", "nq": "0.215", "f": 7436196201, "l": 7436196203, "T": 1773522001021, "m": true}}
{"local_ts": 1773522001122, "server_ts": 1773522001021, "data": {"e": "aggTrade", "E": 1773522001029, "a": 3200349422, "s": "BTCUSDT", "p": "70762.00", "q": "0.003", "nq": "0.003", "f": 7436196204, "l": 7436196204, "T": 1773522001021, "m": true}}
{"local_ts": 1773522001122, "server_ts": 1773522001021, "data": {"e": "aggTrade", "E": 1773522001029, "a": 3200349423, "s": "BTCUSDT", "p": "70761.80", "q": "0.001", "nq": "0.001", "f": 7436196205, "l": 7436196205, "T": 1773522001021, "m": true}}
{"local_ts": 1773522001123, "server_ts": 1773522001021, "data": {"e": "aggTrade", "E": 1773522001029, "a": 3200349424, "s": "BTCUSDT", "p": "70761.70", "q": "0.011", "nq": "0.011", "f": 7436196206, "l": 7436196207, "T": 1773522001021, "m": true}}
{"local_ts": 1773522001123, "server_ts": 1773522001021, "data": {"e": "aggTrade", "E": 1773522001029, "a": 3200349425, "s": "BTCUSDT", "p": "70761.60", "q": "0.008", "nq": "0.008", "f": 7436196208, "l": 7436196211, "T": 1773522001021, "m": true}}
{"local_ts": 1773522001123, "server_ts": 1773522001021, "data": {"e": "aggTrade", "E": 1773522001029, "a": 3200349426, "s": "BTCUSDT", "p": "70761.50", "q": "0.001", "nq": "0.001", "f": 7436196212, "l": 7436196212, "T": 1773522001021, "m": true}}
{"local_ts": 1773522001124, "server_ts": 1773522001022, "data": {"e": "aggTrade", "E": 1773522001029, "a": 3200349427, "s": "BTCUSDT", "p": "70761.40", "q": "0.003", "nq": "0.003", "f": 7436196213, "l": 7436196213, "T": 1773522001022, "m": true}}
{"local_ts": 1773522001124, "server_ts": 1773522001022, "data": {"e": "aggTrade", "E": 1773522001029, "a": 3200349428, "s": "BTCUSDT", "p": "70761.20", "q": "0.001", "nq": "0.001", "f": 7436196214, "l": 7436196214, "T": 1773522001022, "m": true}}
{"local_ts": 1773522001124, "server_ts": 1773522001022, "data": {"e": "aggTrade", "E": 1773522001029, "a": 3200349429, "s": "BTCUSDT", "p": "70761.00", "q": "0.002", "nq": "0.002", "f": 7436196215, "l": 7436196215, "T": 1773522001022, "m": true}}
{"local_ts": 1773522001125, "server_ts": 1773522001022, "data": {"e": "aggTrade", "E": 1773522001029, "a": 3200349430, "s": "BTCUSDT", "p": "70760.90", "q": "0.005", "nq": "0.005", "f": 7436196216, "l": 7436196218, "T": 1773522001022, "m": true}}
{"local_ts": 1773522001125, "server_ts": 1773522001022, "data": {"e": "aggTrade", "E": 1773522001029, "a": 3200349431, "s": "BTCUSDT", "p": "70760.80", "q": "0.003", "nq": "0.003", "f": 7436196219, "l": 7436196220, "T": 1773522001022, "m": true}}
{"local_ts": 1773522001125, "server_ts": 1773522001022, "data": {"e": "aggTrade", "E": 1773522001030, "a": 3200349432, "s": "BTCUSDT", "p": "70760.70", "q": "0.005", "nq": "0.005", "f": 7436196221, "l": 7436196222, "T": 1773522001022, "m": true}}
{"local_ts": 1773522001126, "server_ts": 1773522001023, "data": {"e": "aggTrade", "E": 1773522001030, "a": 3200349433, "s": "BTCUSDT", "p": "70760.50", "q": "0.003", "nq": "0.003", "f": 7436196223, "l": 7436196224, "T": 1773522001023, "m": true}}
{"local_ts": 1773522001126, "server_ts": 1773522001023, "data": {"e": "aggTrade", "E": 1773522001030, "a": 3200349434, "s": "BTCUSDT", "p": "70760.40", "q": "0.002", "nq": "0.002", "f": 7436196225, "l": 7436196225, "T": 1773522001023, "m": true}}
{"local_ts": 1773522001126, "server_ts": 1773522001023, "data": {"e": "aggTrade", "E": 1773522001030, "a": 3200349435, "s": "BTCUSDT", "p": "70760.30", "q": "0.072", "nq": "0.072", "f": 7436196226, "l": 7436196226, "T": 1773522001023, "m": true}}
{"local_ts": 1773522001127, "server_ts": 1773522001023, "data": {"e": "aggTrade", "E": 1773522001030, "a": 3200349436, "s": "BTCUSDT", "p": "70760.20", "q": "0.003", "nq": "0.003", "f": 7436196227, "l": 7436196228, "T": 1773522001023, "m": true}}
{"local_ts": 1773522001127, "server_ts": 1773522001023, "data": {"e": "aggTrade", "E": 1773522001030, "a": 3200349437, "s": "BTCUSDT", "p": "70760.00", "q": "0.009", "nq": "0.009", "f": 7436196229, "l": 7436196231, "T": 1773522001023, "m": true}}
{"local_ts": 1773522001127, "server_ts": 1773522001023, "data": {"e": "aggTrade", "E": 1773522001030, "a": 3200349438, "s": "BTCUSDT", "p": "70759.90", "q": "0.002", "nq": "0.002", "f": 7436196232, "l": 7436196232, "T": 1773522001023, "m": true}}
{"local_ts": 1773522001136, "server_ts": 1773522001023, "data": {"e": "aggTrade", "E": 1773522001047, "a": 3200349439, "s": "BTCUSDT", "p": "70759.80", "q": "0.385", "nq": "0.385", "f": 7436196233, "l": 7436196237, "T": 1773522001023, "m": true}}
{"local_ts": 1773522001136, "server_ts": 1773522001040, "data": {"e": "aggTrade", "E": 1773522001047, "a": 3200349440, "s": "BTCUSDT", "p": "70759.50", "q": "0.010", "nq": "0.010", "f": 7436196238, "l": 7436196240, "T": 1773522001040, "m": true}}
{"local_ts": 1773522001136, "server_ts": 1773522001040, "data": {"e": "aggTrade", "E": 1773522001047, "a": 3200349441, "s": "BTCUSDT", "p": "70759.40", "q": "0.004", "nq": "0.004", "f": 7436196241, "l": 7436196242, "T": 1773522001040, "m": true}}
{"local_ts": 1773522001137, "server_ts": 1773522001040, "data": {"e": "aggTrade", "E": 1773522001047, "a": 3200349442, "s": "BTCUSDT", "p": "70759.30", "q": "0.003", "nq": "0.003", "f": 7436196243, "l": 7436196243, "T": 1773522001040, "m": true}}
{"local_ts": 1773522001137, "server_ts": 1773522001040, "data": {"e": "aggTrade", "E": 1773522001047, "a": 3200349443, "s": "BTCUSDT", "p": "70759.10", "q": "0.004", "nq": "0.004", "f": 7436196244, "l": 7436196245, "T": 1773522001040, "m": true}}
{"local_ts": 1773522001137, "server_ts": 1773522001040, "data": {"e": "aggTrade", "E": 1773522001047, "a": 3200349444, "s": "BTCUSDT", "p": "70759.00", "q": "0.003", "nq": "0.003", "f": 7436196246, "l": 7436196246, "T": 1773522001040, "m": true}}
{"local_ts": 1773522001138, "server_ts": 1773522001040, "data": {"e": "aggTrade", "E": 1773522001047, "a": 3200349445, "s": "BTCUSDT", "p": "70758.80", "q": "0.002", "nq": "0.002", "f": 7436196247, "l": 7436196247, "T": 1773522001040, "m": true}}
{"local_ts": 1773522001138, "server_ts": 1773522001040, "data": {"e": "aggTrade", "E": 1773522001047, "a": 3200349446, "s": "BTCUSDT", "p": "70758.70", "q": "0.001", "nq": "0.001", "f": 7436196248, "l": 7436196248, "T": 1773522001040, "m": true}}
{"local_ts": 1773522001138, "server_ts": 1773522001040, "data": {"e": "aggTrade", "E": 1773522001047, "a": 3200349447, "s": "BTCUSDT", "p": "70758.50", "q": "0.002", "nq": "0.002", "f": 7436196249, "l": 7436196249, "T": 1773522001040, "m": true}}
{"local_ts": 1773522001139, "server_ts": 1773522001040, "data": {"e": "aggTrade", "E": 1773522001047, "a": 3200349448, "s": "BTCUSDT", "p": "70758.40", "q": "0.001", "nq": "0.001", "f": 7436196250, "l": 7436196250, "T": 1773522001040, "m": true}}
{"local_ts": 1773522001139, "server_ts": 1773522001040, "data": {"e": "aggTrade", "E": 1773522001053, "a": 3200349449, "s": "BTCUSDT", "p": "70758.30", "q": "0.029", "nq": "0.029", "f": 7436196251, "l": 7436196255, "T": 1773522001040, "m": true}}
{"local_ts": 1773522001152, "server_ts": 1773522001045, "data": {"e": "aggTrade", "E": 1773522001058, "a": 3200349450, "s": "BTCUSDT", "p": "70758.40", "q": "0.003", "nq": "0.003", "f": 7436196256, "l": 7436196256, "T": 1773522001045, "m": false}}
{"local_ts": 1773522001152, "server_ts": 1773522001052, "data": {"e": "aggTrade", "E": 1773522001058, "a": 3200349451, "s": "BTCUSDT", "p": "70758.30", "q": "0.006", "nq": "0.006", "f": 7436196257, "l": 7436196259, "T": 1773522001052, "m": true}}
{"local_ts": 1773522001168, "server_ts": 1773522001052, "data": {"e": "aggTrade", "E": 1773522001076, "a": 3200349452, "s": "BTCUSDT", "p": "70758.10", "q": "0.006", "nq": "0.006", "f": 7436196260, "l": 7436196261, "T": 1773522001052, "m": true}}
{"local_ts": 1773522001168, "server_ts": 1773522001070, "data": {"e": "aggTrade", "E": 1773522001076, "a": 3200349453, "s": "BTCUSDT", "p": "70758.00", "q": "0.754", "nq": "0.754", "f": 7436196262, "l": 7436196267, "T": 1773522001070, "m": true}}
{"local_ts": 1773522001169, "server_ts": 1773522001070, "data": {"e": "aggTrade", "E": 1773522001076, "a": 3200349454, "s": "BTCUSDT", "p": "70757.90", "q": "0.002", "nq": "0.002", "f": 7436196268, "l": 7436196268, "T": 1773522001070, "m": true}}
{"local_ts": 1773522001169, "server_ts": 1773522001070, "data": {"e": "aggTrade", "E": 1773522001076, "a": 3200349455, "s": "BTCUSDT", "p": "70757.70", "q": "0.057", "nq": "0.057", "f": 7436196269, "l": 7436196270, "T": 1773522001070, "m": true}}
{"local_ts": 1773522001169, "server_ts": 1773522001070, "data": {"e": "aggTrade", "E": 1773522001076, "a": 3200349456, "s": "BTCUSDT", "p": "70757.60", "q": "0.001", "nq": "0.001", "f": 7436196271, "l": 7436196271, "T": 1773522001070, "m": true}}
{"local_ts": 1773522001170, "server_ts": 1773522001070, "data": {"e": "aggTrade", "E": 1773522001076, "a": 3200349457, "s": "BTCUSDT", "p": "70757.50", "q": "0.001", "nq": "0.001", "f": 7436196272, "l": 7436196272, "T": 1773522001070, "m": true}}
{"local_ts": 1773522001170, "server_ts": 1773522001070, "data": {"e": "aggTrade", "E": 1773522001076, "a": 3200349458, "s": "BTCUSDT", "p": "70757.30", "q": "0.072", "nq": "0.072", "f": 7436196273, "l": 7436196275, "T": 1773522001070, "m": true}}
{"local_ts": 1773522001170, "server_ts": 1773522001070, "data": {"e": "aggTrade", "E": 1773522001076, "a": 3200349459, "s": "BTCUSDT", "p": "70757.20", "q": "0.003", "nq": "0.003", "f": 7436196276, "l": 7436196277, "T": 1773522001070, "m": true}}
{"local_ts": 1773522001171, "server_ts": 1773522001070, "data": {"e": "aggTrade", "E": 1773522001076, "a": 3200349460, "s": "BTCUSDT", "p": "70757.10", "q": "0.003", "nq": "0.003", "f": 7436196278, "l": 7436196278, "T": 1773522001070, "m": true}}
{"local_ts": 1773522001182, "server_ts": 1773522001070, "data": {"e": "aggTrade", "E": 1773522001086, "a": 3200349461, "s": "BTCUSDT", "p": "70756.90", "q": "0.179", "nq": "0.179", "f": 7436196279, "l": 7436196282, "T": 1773522001070, "m": true}}
{"local_ts": 1773522001183, "server_ts": 1773522001079, "data": {"e": "aggTrade", "E": 1773522001086, "a": 3200349462, "s": "BTCUSDT", "p": "70756.60", "q": "0.001", "nq": "0.001", "f": 7436196283, "l": 7436196283, "T": 1773522001079, "m": true}}
{"local_ts": 1773522001184, "server_ts": 1773522001080, "data": {"e": "aggTrade", "E": 1773522001086, "a": 3200349463, "s": "BTCUSDT", "p": "70756.40", "q": "0.005", "nq": "0.005", "f": 7436196284, "l": 7436196285, "T": 1773522001080, "m": true}}
{"local_ts": 1773522001184, "server_ts": 1773522001080, "data": {"e": "aggTrade", "E": 1773522001086, "a": 3200349464, "s": "BTCUSDT", "p": "70756.30", "q": "0.003", "nq": "0.003", "f": 7436196286, "l": 7436196287, "T": 1773522001080, "m": true}}
{"local_ts": 1773522001184, "server_ts": 1773522001080, "data": {"e": "aggTrade", "E": 1773522001087, "a": 3200349465, "s": "BTCUSDT", "p": "70756.20", "q": "0.004", "nq": "0.004", "f": 7436196288, "l": 7436196289, "T": 1773522001080, "m": true}}
{"local_ts": 1773522001221, "server_ts": 1773522001081, "data": {"e": "aggTrade", "E": 1773522001134, "a": 3200349466, "s": "BTCUSDT", "p": "70756.10", "q": "0.918", "nq": "0.918", "f": 7436196290, "l": 7436196301, "T": 1773522001081, "m": true}}
{"local_ts": 1773522001221, "server_ts": 1773522001125, "data": {"e": "aggTrade", "E": 1773522001134, "a": 3200349467, "s": "BTCUSDT", "p": "70756.00", "q": "0.015", "nq": "0.015", "f": 7436196302, "l": 7436196308, "T": 1773522001125, "m": true}}
{"local_ts": 1773522001222, "server_ts": 1773522001125, "data": {"e": "aggTrade", "E": 1773522001135, "a": 3200349468, "s": "BTCUSDT", "p": "70755.90", "q": "0.028", "nq": "0.028", "f": 7436196309, "l": 7436196309, "T": 1773522001125, "m": true}}
{"local_ts": 1773522001225, "server_ts": 1773522001125, "data": {"e": "aggTrade", "E": 1773522001135, "a": 3200349469, "s": "BTCUSDT", "p": "70755.80", "q": "0.003", "nq": "0.003", "f": 7436196310, "l": 7436196311, "T": 1773522001125, "m": true}}
{"local_ts": 1773522001225, "server_ts": 1773522001125, "data": {"e": "aggTrade", "E": 1773522001135, "a": 3200349470, "s": "BTCUSDT", "p": "70755.70", "q": "0.003", "nq": "0.003", "f": 7436196312, "l": 7436196312, "T": 1773522001125, "m": true}}
{"local_ts": 1773522001225, "server_ts": 1773522001125, "data": {"e": "aggTrade", "E": 1773522001135, "a": 3200349471, "s": "BTCUSDT", "p": "70755.60", "q": "0.009", "nq": "0.009", "f": 7436196313, "l": 7436196313, "T": 1773522001125, "m": true}}
{"local_ts": 1773522001226, "server_ts": 1773522001125, "data": {"e": "aggTrade", "E": 1773522001135, "a": 3200349472, "s": "BTCUSDT", "p": "70755.50", "q": "0.001", "nq": "0.001", "f": 7436196314, "l": 7436196314, "T": 1773522001125, "m": true}}
{"local_ts": 1773522001226, "server_ts": 1773522001125, "data": {"e": "aggTrade", "E": 1773522001135, "a": 3200349473, "s": "BTCUSDT", "p": "70755.20", "q": "0.007", "nq": "0.007", "f": 7436196315, "l": 7436196316, "T": 1773522001125, "m": true}}
{"local_ts": 1773522001226, "server_ts": 1773522001125, "data": {"e": "aggTrade", "E": 1773522001135, "a": 3200349474, "s": "BTCUSDT", "p": "70755.10", "q": "0.003", "nq": "0.003", "f": 7436196317, "l": 7436196318, "T": 1773522001125, "m": true}}
{"local_ts": 1773522001227, "server_ts": 1773522001125, "data": {"e": "aggTrade", "E": 1773522001135, "a": 3200349475, "s": "BTCUSDT", "p": "70754.90", "q": "0.003", "nq": "0.003", "f": 7436196319, "l": 7436196319, "T": 1773522001125, "m": true}}
{"local_ts": 1773522001227, "server_ts": 1773522001125, "data": {"e": "aggTrade", "E": 1773522001135, "a": 3200349476, "s": "BTCUSDT", "p": "70754.70", "q": "0.003", "nq": "0.003", "f": 7436196320, "l": 7436196321, "T": 1773522001125, "m": true}}
{"local_ts": 1773522001227, "server_ts": 1773522001125, "data": {"e": "aggTrade", "E": 1773522001135, "a": 3200349477, "s": "BTCUSDT", "p": "70754.50", "q": "0.003", "nq": "0.003", "f": 7436196322, "l": 7436196322, "T": 1773522001125, "m": true}}
{"local_ts": 1773522001232, "server_ts": 1773522001125, "data": {"e": "aggTrade", "E": 1773522001147, "a": 3200349478, "s": "BTCUSDT", "p": "70754.40", "q": "0.002", "nq": "0.002", "f": 7436196323, "l": 7436196323, "T": 1773522001125, "m": true}}
{"local_ts": 1773522001233, "server_ts": 1773522001138, "data": {"e": "aggTrade", "E": 1773522001147, "a": 3200349479, "s": "BTCUSDT", "p": "70754.30", "q": "0.001", "nq": "0.001", "f": 7436196324, "l": 7436196324, "T": 1773522001138, "m": true}}
{"local_ts": 1773522001233, "server_ts": 1773522001138, "data": {"e": "aggTrade", "E": 1773522001147, "a": 3200349480, "s": "BTCUSDT", "p": "70754.20", "q": "0.008", "nq": "0.008", "f": 7436196325, "l": 7436196326, "T": 1773522001138, "m": true}}
{"local_ts": 1773522001259, "server_ts": 1773522001138, "data": {"e": "aggTrade", "E": 1773522001173, "a": 3200349481, "s": "BTCUSDT", "p": "70754.00", "q": "0.001", "nq": "0.001", "f": 7436196327, "l": 7436196327, "T": 1773522001138, "m": true}}
{"local_ts": 1773522001260, "server_ts": 1773522001167, "data": {"e": "aggTrade", "E": 1773522001173, "a": 3200349482, "s": "BTCUSDT", "p": "70753.70", "q": "0.466", "nq": "0.466", "f": 7436196328, "l": 7436196334, "T": 1773522001167, "m": true}}
{"local_ts": 1773522001261, "server_ts": 1773522001168, "data": {"e": "aggTrade", "E": 1773522001173, "a": 3200349483, "s": "BTCUSDT", "p": "70753.60", "q": "0.004", "nq": "0.004", "f": 7436196335, "l": 7436196336, "T": 1773522001168, "m": true}}
{"local_ts": 1773522001261, "server_ts": 1773522001168, "data": {"e": "aggTrade", "E": 1773522001173, "a": 3200349484, "s": "BTCUSDT", "p": "70753.50", "q": "0.002", "nq": "0.002", "f": 7436196337, "l": 7436196337, "T": 1773522001168, "m": true}}
{"local_ts": 1773522001261, "server_ts": 1773522001168, "data": {"e": "aggTrade", "E": 1773522001173, "a": 3200349485, "s": "BTCUSDT", "p": "70753.30", "q": "0.001", "nq": "0.001", "f": 7436196338, "l": 7436196338, "T": 1773522001168, "m": true}}
{"local_ts": 1773522001262, "server_ts": 1773522001168, "data": {"e": "aggTrade", "E": 1773522001173, "a": 3200349486, "s": "BTCUSDT", "p": "70753.10", "q": "0.067", "nq": "0.067", "f": 7436196339, "l": 7436196339, "T": 1773522001168, "m": true}}
{"local_ts": 1773522001262, "server_ts": 1773522001168, "data": {"e": "aggTrade", "E": 1773522001173, "a": 3200349487, "s": "BTCUSDT", "p": "70753.00", "q": "0.003", "nq": "0.003", "f": 7436196340, "l": 7436196341, "T": 1773522001168, "m": true}}
{"local_ts": 1773522001293, "server_ts": 1773522001168, "data": {"e": "aggTrade", "E": 1773522001183, "a": 3200349488, "s": "BTCUSDT", "p": "70752.80", "q": "0.004", "nq": "0.004", "f": 7436196342, "l": 7436196343, "T": 1773522001168, "m": true}}
{"local_ts": 1773522001319, "server_ts": 1773522001176, "data": {"e": "aggTrade", "E": 1773522001234, "a": 3200349489, "s": "BTCUSDT", "p": "70752.60", "q": "0.006", "nq": "0.006", "f": 7436196344, "l": 7436196347, "T": 1773522001176, "m": true}}
{"local_ts": 1773522001324, "server_ts": 1773522001231, "data": {"e": "aggTrade", "E": 1773522001239, "a": 3200349490, "s": "BTCUSDT", "p": "70752.50", "q": "0.101", "nq": "0.101", "f": 7436196348, "l": 7436196357, "T": 1773522001231, "m": true}}
{"local_ts": 1773522001325, "server_ts": 1773522001235, "data": {"e": "aggTrade", "E": 1773522001239, "a": 3200349491, "s": "BTCUSDT", "p": "70752.30", "q": "0.002", "nq": "0.002", "f": 7436196358, "l": 7436196358, "T": 1773522001235, "m": true}}
{"local_ts": 1773522001326, "server_ts": 1773522001235, "data": {"e": "aggTrade", "E": 1773522001239, "a": 3200349492, "s": "BTCUSDT", "p": "70752.20", "q": "0.001", "nq": "0.001", "f": 7436196359, "l": 7436196359, "T": 1773522001235, "m": true}}
{"local_ts": 1773522001326, "server_ts": 1773522001235, "data": {"e": "aggTrade", "E": 1773522001239, "a": 3200349493, "s": "BTCUSDT", "p": "70752.10", "q": "0.005", "nq": "0.005", "f": 7436196360, "l": 7436196361, "T": 1773522001235, "m": true}}
{"local_ts": 1773522001326, "server_ts": 1773522001235, "data": {"e": "aggTrade", "E": 1773522001239, "a": 3200349494, "s": "BTCUSDT", "p": "70752.00", "q": "0.004", "nq": "0.004", "f": 7436196362, "l": 7436196363, "T": 1773522001235, "m": true}}
{"local_ts": 1773522001327, "server_ts": 1773522001235, "data": {"e": "aggTrade", "E": 1773522001239, "a": 3200349495, "s": "BTCUSDT", "p": "70751.90", "q": "0.003", "nq": "0.003", "f": 7436196364, "l": 7436196365, "T": 1773522001235, "m": true}}
{"local_ts": 1773522001327, "server_ts": 1773522001235, "data": {"e": "aggTrade", "E": 1773522001239, "a": 3200349496, "s": "BTCUSDT", "p": "70751.60", "q": "0.001", "nq": "0.001", "f": 7436196366, "l": 7436196366, "T": 1773522001235, "m": true}}
{"local_ts": 1773522001328, "server_ts": 1773522001235, "data": {"e": "aggTrade", "E": 1773522001239, "a": 3200349497, "s": "BTCUSDT", "p": "70751.40", "q": "0.008", "nq": "0.008", "f": 7436196367, "l": 7436196369, "T": 1773522001235, "m": true}}
{"local_ts": 1773522001328, "server_ts": 1773522001235, "data": {"e": "aggTrade", "E": 1773522001239, "a": 3200349498, "s": "BTCUSDT", "p": "70751.20", "q": "0.001", "nq": "0.001", "f": 7436196370, "l": 7436196370, "T": 1773522001235, "m": true}}
{"local_ts": 1773522001329, "server_ts": 1773522001235, "data": {"e": "aggTrade", "E": 1773522001239, "a": 3200349499, "s": "BTCUSDT", "p": "70751.10", "q": "0.002", "nq": "0.002", "f": 7436196371, "l": 7436196371, "T": 1773522001235, "m": true}}
{"local_ts": 1773522001329, "server_ts": 1773522001235, "data": {"e": "aggTrade", "E": 1773522001239, "a": 3200349500, "s": "BTCUSDT", "p": "70751.00", "q": "0.004", "nq": "0.004", "f": 7436196372, "l": 7436196373, "T": 1773522001235, "m": true}}
{"local_ts": 1773522001330, "server_ts": 1773522001235, "data": {"e": "aggTrade", "E": 1773522001243, "a": 3200349501, "s": "BTCUSDT", "p": "70750.80", "q": "0.004", "nq": "0.004", "f": 7436196374, "l": 7436196375, "T": 1773522001235, "m": true}}
{"local_ts": 1773522001330, "server_ts": 1773522001237, "data": {"e": "aggTrade", "E": 1773522001243, "a": 3200349502, "s": "BTCUSDT", "p": "70750.70", "q": "0.005", "nq": "0.005", "f": 7436196376, "l": 7436196379, "T": 1773522001237, "m": true}}
{"local_ts": 1773522001330, "server_ts": 1773522001237, "data": {"e": "aggTrade", "E": 1773522001243, "a": 3200349503, "s": "BTCUSDT", "p": "70750.50", "q": "0.003", "nq": "0.003", "f": 7436196380, "l": 7436196381, "T": 1773522001237, "m": true}}
{"local_ts": 1773522001331, "server_ts": 1773522001237, "data": {"e": "aggTrade", "E": 1773522001243, "a": 3200349504, "s": "BTCUSDT", "p": "70750.30", "q": "0.005", "nq": "0.005", "f": 7436196382, "l": 7436196383, "T": 1773522001237, "m": true}}
{"local_ts": 1773522001331, "server_ts": 1773522001237, "data": {"e": "aggTrade", "E": 1773522001243, "a": 3200349505, "s": "BTCUSDT", "p": "70750.20", "q": "0.002", "nq": "0.002", "f": 7436196384, "l": 7436196384, "T": 1773522001237, "m": true}}
{"local_ts": 1773522001395, "server_ts": 1773522001237, "data": {"e": "aggTrade", "E": 1773522001287, "a": 3200349506, "s": "BTCUSDT", "p": "70750.10", "q": "0.003", "nq": "0.003", "f": 7436196385, "l": 7436196386, "T": 1773522001237, "m": true}}
{"local_ts": 1773522001395, "server_ts": 1773522001283, "data": {"e": "aggTrade", "E": 1773522001287, "a": 3200349507, "s": "BTCUSDT", "p": "70750.00", "q": "0.237", "nq": "0.237", "f": 7436196387, "l": 7436196404, "T": 1773522001283, "m": true}}
{"local_ts": 1773522001396, "server_ts": 1773522001283, "data": {"e": "aggTrade", "E": 1773522001287, "a": 3200349508, "s": "BTCUSDT", "p": "70749.90", "q": "0.007", "nq": "0.007", "f": 7436196405, "l": 7436196406, "T": 1773522001283, "m": true}}
{"local_ts": 1773522001396, "server_ts": 1773522001283, "data": {"e": "aggTrade", "E": 1773522001287, "a": 3200349509, "s": "BTCUSDT", "p": "70749.80", "q": "0.002", "nq": "0.002", "f": 7436196407, "l": 7436196407, "T": 1773522001283, "m": true}}
{"local_ts": 1773522001396, "server_ts": 1773522001283, "data": {"e": "aggTrade", "E": 1773522001287, "a": 3200349510, "s": "BTCUSDT", "p": "70749.70", "q": "0.001", "nq": "0.001", "f": 7436196408, "l": 7436196408, "T": 1773522001283, "m": true}}
{"local_ts": 1773522001397, "server_ts": 1773522001283, "data": {"e": "aggTrade", "E": 1773522001287, "a": 3200349511, "s": "BTCUSDT", "p": "70749.60", "q": "0.004", "nq": "0.004", "f": 7436196409, "l": 7436196409, "T": 1773522001283, "m": true}}
{"local_ts": 1773522001397, "server_ts": 1773522001283, "data": {"e": "aggTrade", "E": 1773522001287, "a": 3200349512, "s": "BTCUSDT", "p": "70749.50", "q": "0.003", "nq": "0.003", "f": 7436196410, "l": 7436196410, "T": 1773522001283, "m": true}}
{"local_ts": 1773522001397, "server_ts": 1773522001283, "data": {"e": "aggTrade", "E": 1773522001287, "a": 3200349513, "s": "BTCUSDT", "p": "70749.40", "q": "0.003", "nq": "0.003", "f": 7436196411, "l": 7436196412, "T": 1773522001283, "m": true}}
{"local_ts": 1773522001398, "server_ts": 1773522001283, "data": {"e": "aggTrade", "E": 1773522001287, "a": 3200349514, "s": "BTCUSDT", "p": "70749.20", "q": "0.007", "nq": "0.007", "f": 7436196413, "l": 7436196413, "T": 1773522001283, "m": true}}
{"local_ts": 1773522001398, "server_ts": 1773522001283, "data": {"e": "aggTrade", "E": 1773522001287, "a": 3200349515, "s": "BTCUSDT", "p": "70749.10", "q": "0.003", "nq": "0.003", "f": 7436196414, "l": 7436196415, "T": 1773522001283, "m": true}}
{"local_ts": 1773522001398, "server_ts": 1773522001283, "data": {"e": "aggTrade", "E": 1773522001287, "a": 3200349516, "s": "BTCUSDT", "p": "70749.00", "q": "0.006", "nq": "0.006", "f": 7436196416, "l": 7436196418, "T": 1773522001283, "m": true}}
{"local_ts": 1773522001399, "server_ts": 1773522001283, "data": {"e": "aggTrade", "E": 1773522001288, "a": 3200349517, "s": "BTCUSDT", "p": "70748.80", "q": "0.002", "nq": "0.002", "f": 7436196419, "l": 7436196419, "T": 1773522001283, "m": true}}
{"local_ts": 1773522001399, "server_ts": 1773522001283, "data": {"e": "aggTrade", "E": 1773522001288, "a": 3200349518, "s": "BTCUSDT", "p": "70748.70", "q": "0.006", "nq": "0.006", "f": 7436196420, "l": 7436196421, "T": 1773522001283, "m": true}}
{"local_ts": 1773522001399, "server_ts": 1773522001283, "data": {"e": "aggTrade", "E": 1773522001288, "a": 3200349519, "s": "BTCUSDT", "p": "70748.60", "q": "0.003", "nq": "0.003", "f": 7436196422, "l": 7436196423, "T": 1773522001283, "m": true}}
{"local_ts": 1773522001400, "server_ts": 1773522001283, "data": {"e": "aggTrade", "E": 1773522001288, "a": 3200349520, "s": "BTCUSDT", "p": "70748.50", "q": "0.003", "nq": "0.003", "f": 7436196424, "l": 7436196424, "T": 1773522001283, "m": true}}
{"local_ts": 1773522001400, "server_ts": 1773522001283, "data": {"e": "aggTrade", "E": 1773522001288, "a": 3200349521, "s": "BTCUSDT", "p": "70748.40", "q": "0.002", "nq": "0.002", "f": 7436196425, "l": 7436196425, "T": 1773522001283, "m": true}}
{"local_ts": 1773522001400, "server_ts": 1773522001283, "data": {"e": "aggTrade", "E": 1773522001288, "a": 3200349522, "s": "BTCUSDT", "p": "70748.30", "q": "0.002", "nq": "0.002", "f": 7436196426, "l": 7436196426, "T": 1773522001283, "m": true}}
{"local_ts": 1773522001401, "server_ts": 1773522001283, "data": {"e": "aggTrade", "E": 1773522001288, "a": 3200349523, "s": "BTCUSDT", "p": "70748.20", "q": "0.001", "nq": "0.001", "f": 7436196427, "l": 7436196427, "T": 1773522001283, "m": true}}
{"local_ts": 1773522001401, "server_ts": 1773522001283, "data": {"e": "aggTrade", "E": 1773522001288, "a": 3200349524, "s": "BTCUSDT", "p": "70748.10", "q": "0.019", "nq": "0.019", "f": 7436196428, "l": 7436196431, "T": 1773522001283, "m": true}}
{"local_ts": 1773522001401, "server_ts": 1773522001283, "data": {"e": "aggTrade", "E": 1773522001288, "a": 3200349525, "s": "BTCUSDT", "p": "70748.00", "q": "0.002", "nq": "0.002", "f": 7436196432, "l": 7436196432, "T": 1773522001283, "m": true}}
{"local_ts": 1773522001402, "server_ts": 1773522001283, "data": {"e": "aggTrade", "E": 1773522001288, "a": 3200349526, "s": "BTCUSDT", "p": "70747.80", "q": "0.004", "nq": "0.004", "f": 7436196433, "l": 7436196434, "T": 1773522001283, "m": true}}
{"local_ts": 1773522001402, "server_ts": 1773522001283, "data": {"e": "aggTrade", "E": 1773522001288, "a": 3200349527, "s": "BTCUSDT", "p": "70747.50", "q": "0.002", "nq": "0.002", "f": 7436196435, "l": 7436196435, "T": 1773522001283, "m": true}}
{"local_ts": 1773522001402, "server_ts": 1773522001283, "data": {"e": "aggTrade", "E": 1773522001288, "a": 3200349528, "s": "BTCUSDT", "p": "70747.40", "q": "0.003", "nq": "0.003", "f": 7436196436, "l": 7436196436, "T": 1773522001283, "m": true}}
{"local_ts": 1773522001403, "server_ts": 1773522001283, "data": {"e": "aggTrade", "E": 1773522001288, "a": 3200349529, "s": "BTCUSDT", "p": "70747.20", "q": "0.005", "nq": "0.005", "f": 7436196437, "l": 7436196439, "T": 1773522001283, "m": true}}
{"local_ts": 1773522001403, "server_ts": 1773522001283, "data": {"e": "aggTrade", "E": 1773522001288, "a": 3200349530, "s": "BTCUSDT", "p": "70747.00", "q": "0.007", "nq": "0.007", "f": 7436196440, "l": 7436196441, "T": 1773522001283, "m": true}}
{"local_ts": 1773522001403, "server_ts": 1773522001283, "data": {"e": "aggTrade", "E": 1773522001288, "a": 3200349531, "s": "BTCUSDT", "p": "70746.90", "q": "0.023", "nq": "0.023", "f": 7436196442, "l": 7436196443, "T": 1773522001283, "m": true}}
{"local_ts": 1773522001404, "server_ts": 1773522001283, "data": {"e": "aggTrade", "E": 1773522001288, "a": 3200349532, "s": "BTCUSDT", "p": "70746.80", "q": "0.002", "nq": "0.002", "f": 7436196444, "l": 7436196444, "T": 1773522001283, "m": true}}
{"local_ts": 1773522001404, "server_ts": 1773522001283, "data": {"e": "aggTrade", "E": 1773522001289, "a": 3200349533, "s": "BTCUSDT", "p": "70746.60", "q": "0.003", "nq": "0.003", "f": 7436196445, "l": 7436196446, "T": 1773522001283, "m": true}}
{"local_ts": 1773522001404, "server_ts": 1773522001283, "data": {"e": "aggTrade", "E": 1773522001292, "a": 3200349534, "s": "BTCUSDT", "p": "70746.50", "q": "0.005", "nq": "0.005", "f": 7436196447, "l": 7436196448, "T": 1773522001283, "m": true}}
{"local_ts": 1773522001405, "server_ts": 1773522001283, "data": {"e": "aggTrade", "E": 1773522001292, "a": 3200349535, "s": "BTCUSDT", "p": "70746.40", "q": "0.003", "nq": "0.003", "f": 7436196449, "l": 7436196449, "T": 1773522001283, "m": true}}
{"local_ts": 1773522001405, "server_ts": 1773522001283, "data": {"e": "aggTrade", "E": 1773522001292, "a": 3200349536, "s": "BTCUSDT", "p": "70746.30", "q": "0.002", "nq": "0.002", "f": 7436196450, "l": 7436196450, "T": 1773522001283, "m": true}}
{"local_ts": 1773522001405, "server_ts": 1773522001283, "data": {"e": "aggTrade", "E": 1773522001292, "a": 3200349537, "s": "BTCUSDT", "p": "70746.20", "q": "0.216", "nq": "0.216", "f": 7436196451, "l": 7436196452, "T": 1773522001283, "m": true}}
{"local_ts": 1773522001406, "server_ts": 1773522001283, "data": {"e": "aggTrade", "E": 1773522001292, "a": 3200349538, "s": "BTCUSDT", "p": "70746.10", "q": "0.004", "nq": "0.004", "f": 7436196453, "l": 7436196454, "T": 1773522001283, "m": true}}
{"local_ts": 1773522001406, "server_ts": 1773522001283, "data": {"e": "aggTrade", "E": 1773522001292, "a": 3200349539, "s": "BTCUSDT", "p": "70746.00", "q": "0.095", "nq": "0.095", "f": 7436196455, "l": 7436196457, "T": 1773522001283, "m": true}}
{"local_ts": 1773522001406, "server_ts": 1773522001283, "data": {"e": "aggTrade", "E": 1773522001292, "a": 3200349540, "s": "BTCUSDT", "p": "70745.80", "q": "0.002", "nq": "0.002", "f": 7436196458, "l": 7436196458, "T": 1773522001283, "m": true}}
{"local_ts": 1773522001407, "server_ts": 1773522001283, "data": {"e": "aggTrade", "E": 1773522001292, "a": 3200349541, "s": "BTCUSDT", "p": "70745.70", "q": "0.003", "nq": "0.003", "f": 7436196459, "l": 7436196460, "T": 1773522001283, "m": true}}
{"local_ts": 1773522001407, "server_ts": 1773522001283, "data": {"e": "aggTrade", "E": 1773522001292, "a": 3200349542, "s": "BTCUSDT", "p": "70745.50", "q": "0.029", "nq": "0.029", "f": 7436196461, "l": 7436196465, "T": 1773522001283, "m": true}}
{"local_ts": 1773522001407, "server_ts": 1773522001283, "data": {"e": "aggTrade", "E": 1773522001292, "a": 3200349543, "s": "BTCUSDT", "p": "70745.40", "q": "0.005", "nq": "0.005", "f": 7436196466, "l": 7436196467, "T": 1773522001283, "m": true}}
{"local_ts": 1773522001408, "server_ts": 1773522001283, "data": {"e": "aggTrade", "E": 1773522001292, "a": 3200349544, "s": "BTCUSDT", "p": "70745.30", "q": "0.004", "nq": "0.004", "f": 7436196468, "l": 7436196469, "T": 1773522001283, "m": true}}
{"local_ts": 1773522001408, "server_ts": 1773522001283, "data": {"e": "aggTrade", "E": 1773522001292, "a": 3200349545, "s": "BTCUSDT", "p": "70745.00", "q": "0.004", "nq": "0.004", "f": 7436196470, "l": 7436196470, "T": 1773522001283, "m": true}}
{"local_ts": 1773522001409, "server_ts": 1773522001283, "data": {"e": "aggTrade", "E": 1773522001292, "a": 3200349546, "s": "BTCUSDT", "p": "70744.90", "q": "0.001", "nq": "0.001", "f": 7436196471, "l": 7436196471, "T": 1773522001283, "m": true}}
{"local_ts": 1773522001409, "server_ts": 1773522001283, "data": {"e": "aggTrade", "E": 1773522001292, "a": 3200349547, "s": "BTCUSDT", "p": "70744.80", "q": "0.004", "nq": "0.004", "f": 7436196472, "l": 7436196472, "T": 1773522001283, "m": true}}
{"local_ts": 1773522001409, "server_ts": 1773522001283, "data": {"e": "aggTrade", "E": 1773522001292, "a": 3200349548, "s": "BTCUSDT", "p": "70744.70", "q": "0.014", "nq": "0.014", "f": 7436196473, "l": 7436196475, "T": 1773522001283, "m": true}}
{"local_ts": 1773522001410, "server_ts": 1773522001283, "data": {"e": "aggTrade", "E": 1773522001292, "a": 3200349549, "s": "BTCUSDT", "p": "70744.60", "q": "0.006", "nq": "0.006", "f": 7436196476, "l": 7436196478, "T": 1773522001283, "m": true}}
{"local_ts": 1773522001410, "server_ts": 1773522001283, "data": {"e": "aggTrade", "E": 1773522001293, "a": 3200349550, "s": "BTCUSDT", "p": "70744.50", "q": "0.002", "nq": "0.002", "f": 7436196479, "l": 7436196479, "T": 1773522001283, "m": true}}
{"local_ts": 1773522001411, "server_ts": 1773522001284, "data": {"e": "aggTrade", "E": 1773522001293, "a": 3200349551, "s": "BTCUSDT", "p": "70744.40", "q": "0.001", "nq": "0.001", "f": 7436196480, "l": 7436196480, "T": 1773522001284, "m": true}}
{"local_ts": 1773522001411, "server_ts": 1773522001284, "data": {"e": "aggTrade", "E": 1773522001293, "a": 3200349552, "s": "BTCUSDT", "p": "70744.30", "q": "0.008", "nq": "0.008", "f": 7436196481, "l": 7436196481, "T": 1773522001284, "m": true}}
{"local_ts": 1773522001412, "server_ts": 1773522001284, "data": {"e": "aggTrade", "E": 1773522001293, "a": 3200349553, "s": "BTCUSDT", "p": "70744.10", "q": "0.009", "nq": "0.009", "f": 7436196482, "l": 7436196485, "T": 1773522001284, "m": true}}
{"local_ts": 1773522001412, "server_ts": 1773522001284, "data": {"e": "aggTrade", "E": 1773522001293, "a": 3200349554, "s": "BTCUSDT", "p": "70744.00", "q": "0.007", "nq": "0.007", "f": 7436196486, "l": 7436196488, "T": 1773522001284, "m": true}}
{"local_ts": 1773522001412, "server_ts": 1773522001284, "data": {"e": "aggTrade", "E": 1773522001293, "a": 3200349555, "s": "BTCUSDT", "p": "70743.90", "q": "0.003", "nq": "0.003", "f": 7436196489, "l": 7436196490, "T": 1773522001284, "m": true}}
{"local_ts": 1773522001413, "server_ts": 1773522001284, "data": {"e": "aggTrade", "E": 1773522001293, "a": 3200349556, "s": "BTCUSDT", "p": "70743.80", "q": "0.060", "nq": "0.060", "f": 7436196491, "l": 7436196492, "T": 1773522001284, "m": true}}
{"local_ts": 1773522001413, "server_ts": 1773522001284, "data": {"e": "aggTrade", "E": 1773522001294, "a": 3200349557, "s": "BTCUSDT", "p": "70743.70", "q": "0.057", "nq": "0.057", "f": 7436196493, "l": 7436196494, "T": 1773522001284, "m": true}}
{"local_ts": 1773522001413, "server_ts": 1773522001284, "data": {"e": "aggTrade", "E": 1773522001294, "a": 3200349558, "s": "BTCUSDT", "p": "70743.60", "q": "0.047", "nq": "0.047", "f": 7436196495, "l": 7436196498, "T": 1773522001284, "m": true}}
{"local_ts": 1773522001414, "server_ts": 1773522001285, "data": {"e": "aggTrade", "E": 1773522001294, "a": 3200349559, "s": "BTCUSDT", "p": "70743.50", "q": "0.001", "nq": "0.001", "f": 7436196499, "l": 7436196499, "T": 1773522001285, "m": true}}
{"local_ts": 1773522001414, "server_ts": 1773522001285, "data": {"e": "aggTrade", "E": 1773522001295, "a": 3200349560, "s": "BTCUSDT", "p": "70743.40", "q": "0.009", "nq": "0.009", "f": 7436196500, "l": 7436196502, "T": 1773522001285, "m": true}}
{"local_ts": 1773522001414, "server_ts": 1773522001285, "data": {"e": "aggTrade", "E": 1773522001295, "a": 3200349561, "s": "BTCUSDT", "p": "70743.30", "q": "0.013", "nq": "0.013", "f": 7436196503, "l": 7436196505, "T": 1773522001285, "m": true}}
{"local_ts": 1773522001414, "server_ts": 1773522001285, "data": {"e": "aggTrade", "E": 1773522001295, "a": 3200349562, "s": "BTCUSDT", "p": "70743.10", "q": "0.114", "nq": "0.114", "f": 7436196506, "l": 7436196506, "T": 1773522001285, "m": true}}
{"local_ts": 1773522001415, "server_ts": 1773522001285, "data": {"e": "aggTrade", "E": 1773522001295, "a": 3200349563, "s": "BTCUSDT", "p": "70743.00", "q": "0.211", "nq": "0.211", "f": 7436196507, "l": 7436196507, "T": 1773522001285, "m": true}}
{"local_ts": 1773522001415, "server_ts": 1773522001285, "data": {"e": "aggTrade", "E": 1773522001295, "a": 3200349564, "s": "BTCUSDT", "p": "70742.90", "q": "0.101", "nq": "0.101", "f": 7436196508, "l": 7436196513, "T": 1773522001285, "m": true}}
{"local_ts": 1773522001415, "server_ts": 1773522001285, "data": {"e": "aggTrade", "E": 1773522001295, "a": 3200349565, "s": "BTCUSDT", "p": "70742.80", "q": "0.002", "nq": "0.002", "f": 7436196514, "l": 7436196514, "T": 1773522001285, "m": true}}
{"local_ts": 1773522001416, "server_ts": 1773522001285, "data": {"e": "aggTrade", "E": 1773522001295, "a": 3200349566, "s": "BTCUSDT", "p": "70742.70", "q": "0.238", "nq": "0.238", "f": 7436196515, "l": 7436196518, "T": 1773522001285, "m": true}}
{"local_ts": 1773522001416, "server_ts": 1773522001286, "data": {"e": "aggTrade", "E": 1773522001295, "a": 3200349567, "s": "BTCUSDT", "p": "70742.60", "q": "0.048", "nq": "0.048", "f": 7436196519, "l": 7436196521, "T": 1773522001286, "m": true}}
{"local_ts": 1773522001416, "server_ts": 1773522001286, "data": {"e": "aggTrade", "E": 1773522001296, "a": 3200349568, "s": "BTCUSDT", "p": "70742.50", "q": "0.100", "nq": "0.100", "f": 7436196522, "l": 7436196523, "T": 1773522001286, "m": true}}
{"local_ts": 1773522001417, "server_ts": 1773522001287, "data": {"e": "aggTrade", "E": 1773522001297, "a": 3200349569, "s": "BTCUSDT", "p": "70742.40", "q": "0.040", "nq": "0.040", "f": 7436196524, "l": 7436196526, "T": 1773522001287, "m": true}}
{"local_ts": 1773522001417, "server_ts": 1773522001289, "data": {"e": "aggTrade", "E": 1773522001297, "a": 3200349570, "s": "BTCUSDT", "p": "70742.30", "q": "0.003", "nq": "0.003", "f": 7436196527, "l": 7436196527, "T": 1773522001289, "m": true}}
{"local_ts": 1773522001417, "server_ts": 1773522001289, "data": {"e": "aggTrade", "E": 1773522001297, "a": 3200349571, "s": "BTCUSDT", "p": "70742.20", "q": "0.002", "nq": "0.002", "f": 7436196528, "l": 7436196528, "T": 1773522001289, "m": true}}
{"local_ts": 1773522001418, "server_ts": 1773522001289, "data": {"e": "aggTrade", "E": 1773522001297, "a": 3200349572, "s": "BTCUSDT", "p": "70742.00", "q": "0.107", "nq": "0.107", "f": 7436196529, "l": 7436196534, "T": 1773522001289, "m": true}}
{"local_ts": 1773522001418, "server_ts": 1773522001289, "data": {"e": "aggTrade", "E": 1773522001320, "a": 3200349573, "s": "BTCUSDT", "p": "70741.90", "q": "0.025", "nq": "0.025", "f": 7436196535, "l": 7436196538, "T": 1773522001289, "m": true}}
{"local_ts": 1773522001436, "server_ts": 1773522001309, "data": {"e": "aggTrade", "E": 1773522001350, "a": 3200349574, "s": "BTCUSDT", "p": "70742.00", "q": "0.079", "nq": "0.079", "f": 7436196539, "l": 7436196540, "T": 1773522001309, "m": false}}
{"local_ts": 1773522001437, "server_ts": 1773522001335, "data": {"e": "aggTrade", "E": 1773522001350, "a": 3200349575, "s": "BTCUSDT", "p": "70741.90", "q": "2.626", "nq": "2.626", "f": 7436196541, "l": 7436196555, "T": 1773522001335, "m": true}}
{"local_ts": 1773522001437, "server_ts": 1773522001335, "data": {"e": "aggTrade", "E": 1773522001350, "a": 3200349576, "s": "BTCUSDT", "p": "70741.80", "q": "0.003", "nq": "0.003", "f": 7436196556, "l": 7436196557, "T": 1773522001335, "m": true}}
{"local_ts": 1773522001438, "server_ts": 1773522001335, "data": {"e": "aggTrade", "E": 1773522001350, "a": 3200349577, "s": "BTCUSDT", "p": "70741.70", "q": "0.019", "nq": "0.019", "f": 7436196558, "l": 7436196558, "T": 1773522001335, "m": true}}
{"local_ts": 1773522001438, "server_ts": 1773522001335, "data": {"e": "aggTrade", "E": 1773522001350, "a": 3200349578, "s": "BTCUSDT", "p": "70741.50", "q": "0.010", "nq": "0.010", "f": 7436196559, "l": 7436196560, "T": 1773522001335, "m": true}}
{"local_ts": 1773522001438, "server_ts": 1773522001335, "data": {"e": "aggTrade", "E": 1773522001350, "a": 3200349579, "s": "BTCUSDT", "p": "70741.20", "q": "0.004", "nq": "0.004", "f": 7436196561, "l": 7436196562, "T": 1773522001335, "m": true}}
{"local_ts": 1773522001439, "server_ts": 1773522001335, "data": {"e": "aggTrade", "E": 1773522001350, "a": 3200349580, "s": "BTCUSDT", "p": "70741.10", "q": "0.031", "nq": "0.031", "f": 7436196563, "l": 7436196565, "T": 1773522001335, "m": true}}
{"local_ts": 1773522001439, "server_ts": 1773522001335, "data": {"e": "aggTrade", "E": 1773522001350, "a": 3200349581, "s": "BTCUSDT", "p": "70740.70", "q": "0.002", "nq": "0.002", "f": 7436196566, "l": 7436196566, "T": 1773522001335, "m": true}}
{"local_ts": 1773522001440, "server_ts": 1773522001335, "data": {"e": "aggTrade", "E": 1773522001350, "a": 3200349582, "s": "BTCUSDT", "p": "70740.60", "q": "0.005", "nq": "0.005", "f": 7436196567, "l": 7436196569, "T": 1773522001335, "m": true}}
{"local_ts": 1773522001440, "server_ts": 1773522001335, "data": {"e": "aggTrade", "E": 1773522001350, "a": 3200349583, "s": "BTCUSDT", "p": "70740.40", "q": "0.015", "nq": "0.015", "f": 7436196570, "l": 7436196570, "T": 1773522001335, "m": true}}
{"local_ts": 1773522001441, "server_ts": 1773522001335, "data": {"e": "aggTrade", "E": 1773522001350, "a": 3200349584, "s": "BTCUSDT", "p": "70740.30", "q": "0.002", "nq": "0.002", "f": 7436196571, "l": 7436196571, "T": 1773522001335, "m": true}}
{"local_ts": 1773522001441, "server_ts": 1773522001335, "data": {"e": "aggTrade", "E": 1773522001350, "a": 3200349585, "s": "BTCUSDT", "p": "70740.10", "q": "0.004", "nq": "0.004", "f": 7436196572, "l": 7436196574, "T": 1773522001335, "m": true}}
{"local_ts": 1773522001442, "server_ts": 1773522001335, "data": {"e": "aggTrade", "E": 1773522001350, "a": 3200349586, "s": "BTCUSDT", "p": "70740.00", "q": "0.033", "nq": "0.033", "f": 7436196575, "l": 7436196578, "T": 1773522001335, "m": true}}
{"local_ts": 1773522001442, "server_ts": 1773522001335, "data": {"e": "aggTrade", "E": 1773522001350, "a": 3200349587, "s": "BTCUSDT", "p": "70739.90", "q": "0.067", "nq": "0.067", "f": 7436196579, "l": 7436196579, "T": 1773522001335, "m": true}}
{"local_ts": 1773522001442, "server_ts": 1773522001335, "data": {"e": "aggTrade", "E": 1773522001350, "a": 3200349588, "s": "BTCUSDT", "p": "70739.80", "q": "0.003", "nq": "0.003", "f": 7436196580, "l": 7436196580, "T": 1773522001335, "m": true}}
{"local_ts": 1773522001443, "server_ts": 1773522001335, "data": {"e": "aggTrade", "E": 1773522001350, "a": 3200349589, "s": "BTCUSDT", "p": "70739.70", "q": "0.001", "nq": "0.001", "f": 7436196581, "l": 7436196581, "T": 1773522001335, "m": true}}
{"local_ts": 1773522001443, "server_ts": 1773522001335, "data": {"e": "aggTrade", "E": 1773522001350, "a": 3200349590, "s": "BTCUSDT", "p": "70739.60", "q": "0.023", "nq": "0.023", "f": 7436196582, "l": 7436196583, "T": 1773522001335, "m": true}}
{"local_ts": 1773522001443, "server_ts": 1773522001335, "data": {"e": "aggTrade", "E": 1773522001350, "a": 3200349591, "s": "BTCUSDT", "p": "70739.50", "q": "0.012", "nq": "0.012", "f": 7436196584, "l": 7436196584, "T": 1773522001335, "m": true}}
{"local_ts": 1773522001444, "server_ts": 1773522001335, "data": {"e": "aggTrade", "E": 1773522001350, "a": 3200349592, "s": "BTCUSDT", "p": "70739.30", "q": "0.002", "nq": "0.002", "f": 7436196585, "l": 7436196585, "T": 1773522001335, "m": true}}
{"local_ts": 1773522001444, "server_ts": 1773522001335, "data": {"e": "aggTrade", "E": 1773522001350, "a": 3200349593, "s": "BTCUSDT", "p": "70739.20", "q": "0.020", "nq": "0.020", "f": 7436196586, "l": 7436196588, "T": 1773522001335, "m": true}}
{"local_ts": 1773522001444, "server_ts": 1773522001335, "data": {"e": "aggTrade", "E": 1773522001350, "a": 3200349594, "s": "BTCUSDT", "p": "70739.10", "q": "0.029", "nq": "0.029", "f": 7436196589, "l": 7436196591, "T": 1773522001335, "m": true}}
{"local_ts": 1773522001448, "server_ts": 1773522001335, "data": {"e": "aggTrade", "E": 1773522001362, "a": 3200349595, "s": "BTCUSDT", "p": "70739.00", "q": "0.002", "nq": "0.002", "f": 7436196592, "l": 7436196592, "T": 1773522001335, "m": true}}
{"local_ts": 1773522001448, "server_ts": 1773522001348, "data": {"e": "aggTrade", "E": 1773522001362, "a": 3200349596, "s": "BTCUSDT", "p": "70739.50", "q": "0.015", "nq": "0.015", "f": 7436196593, "l": 7436196593, "T": 1773522001348, "m": true}}
{"local_ts": 1773522001449, "server_ts": 1773522001348, "data": {"e": "aggTrade", "E": 1773522001362, "a": 3200349597, "s": "BTCUSDT", "p": "70738.90", "q": "0.005", "nq": "0.005", "f": 7436196594, "l": 7436196596, "T": 1773522001348, "m": true}}
{"local_ts": 1773522001449, "server_ts": 1773522001348, "data": {"e": "aggTrade", "E": 1773522001362, "a": 3200349598, "s": "BTCUSDT", "p": "70738.70", "q": "0.002", "nq": "0.002", "f": 7436196597, "l": 7436196597, "T": 1773522001348, "m": true}}
{"local_ts": 1773522001449, "server_ts": 1773522001348, "data": {"e": "aggTrade", "E": 1773522001362, "a": 3200349599, "s": "BTCUSDT", "p": "70738.60", "q": "0.006", "nq": "0.006", "f": 7436196598, "l": 7436196600, "T": 1773522001348, "m": true}}
{"local_ts": 1773522001450, "server_ts": 1773522001348, "data": {"e": "aggTrade", "E": 1773522001362, "a": 3200349600, "s": "BTCUSDT", "p": "70738.50", "q": "0.004", "nq": "0.004", "f": 7436196601, "l": 7436196602, "T": 1773522001348, "m": true}}
{"local_ts": 1773522001450, "server_ts": 1773522001348, "data": {"e": "aggTrade", "E": 1773522001362, "a": 3200349601, "s": "BTCUSDT", "p": "70738.40", "q": "0.001", "nq": "0.001", "f": 7436196603, "l": 7436196603, "T": 1773522001348, "m": true}}
{"local_ts": 1773522001452, "server_ts": 1773522001348, "data": {"e": "aggTrade", "E": 1773522001366, "a": 3200349602, "s": "BTCUSDT", "p": "70738.30", "q": "0.004", "nq": "0.004", "f": 7436196604, "l": 7436196606, "T": 1773522001348, "m": true}}
{"local_ts": 1773522001603, "server_ts": 1773522001352, "data": {"e": "aggTrade", "E": 1773522001517, "a": 3200349603, "s": "BTCUSDT", "p": "70738.40", "q": "0.171", "nq": "0.171", "f": 7436196607, "l": 7436196619, "T": 1773522001352, "m": false}}
{"local_ts": 1773522001748, "server_ts": 1773522001517, "data": {"e": "aggTrade", "E": 1773522001662, "a": 3200349604, "s": "BTCUSDT", "p": "70738.30", "q": "0.035", "nq": "0.035", "f": 7436196620, "l": 7436196620, "T": 1773522001517, "m": true}}
{"local_ts": 1773522001902, "server_ts": 1773522001659, "data": {"e": "aggTrade", "E": 1773522001813, "a": 3200349605, "s": "BTCUSDT", "p": "70738.30", "q": "0.005", "nq": "0.005", "f": 7436196621, "l": 7436196621, "T": 1773522001659, "m": true}}
{"local_ts": 1773522002184, "server_ts": 1773522001940, "data": {"e": "aggTrade", "E": 1773522002093, "a": 3200349606, "s": "BTCUSDT", "p": "70738.30", "q": "0.005", "nq": "0.005", "f": 7436196622, "l": 7436196622, "T": 1773522001940, "m": true}}
{"local_ts": 1773522002331, "server_ts": 1773522002179, "data": {"e": "aggTrade", "E": 1773522002239, "a": 3200349607, "s": "BTCUSDT", "p": "70738.40", "q": "0.025", "nq": "0.025", "f": 7436196623, "l": 7436196623, "T": 1773522002179, "m": false}}
{"local_ts": 1773522002332, "server_ts": 1773522002231, "data": {"e": "aggTrade", "E": 1773522002239, "a": 3200349608, "s": "BTCUSDT", "p": "70738.30", "q": "0.067", "nq": "0.067", "f": 7436196624, "l": 7436196631, "T": 1773522002231, "m": true}}
{"local_ts": 1773522002332, "server_ts": 1773522002232, "data": {"e": "aggTrade", "E": 1773522002239, "a": 3200349609, "s": "BTCUSDT", "p": "70738.20", "q": "0.061", "nq": "0.061", "f": 7436196632, "l": 7436196636, "T": 1773522002232, "m": true}}
{"local_ts": 1773522002341, "server_ts": 1773522002232, "data": {"e": "aggTrade", "E": 1773522002250, "a": 3200349610, "s": "BTCUSDT", "p": "70738.10", "q": "0.002", "nq": "0.002", "f": 7436196637, "l": 7436196637, "T": 1773522002232, "m": true}}
{"local_ts": 1773522002342, "server_ts": 1773522002240, "data": {"e": "aggTrade", "E": 1773522002250, "a": 3200349611, "s": "BTCUSDT", "p": "70737.70", "q": "0.003", "nq": "0.003", "f": 7436196638, "l": 7436196639, "T": 1773522002240, "m": true}}
{"local_ts": 1773522002343, "server_ts": 1773522002240, "data": {"e": "aggTrade", "E": 1773522002250, "a": 3200349612, "s": "BTCUSDT", "p": "70737.50", "q": "0.004", "nq": "0.004", "f": 7436196640, "l": 7436196641, "T": 1773522002240, "m": true}}
{"local_ts": 1773522002348, "server_ts": 1773522002240, "data": {"e": "aggTrade", "E": 1773522002257, "a": 3200349613, "s": "BTCUSDT", "p": "70737.40", "q": "0.002", "nq": "0.002", "f": 7436196642, "l": 7436196642, "T": 1773522002240, "m": true}}
{"local_ts": 1773522002348, "server_ts": 1773522002244, "data": {"e": "aggTrade", "E": 1773522002257, "a": 3200349614, "s": "BTCUSDT", "p": "70737.20", "q": "0.009", "nq": "0.009", "f": 7436196643, "l": 7436196643, "T": 1773522002244, "m": true}}
{"local_ts": 1773522002349, "server_ts": 1773522002244, "data": {"e": "aggTrade", "E": 1773522002257, "a": 3200349615, "s": "BTCUSDT", "p": "70737.10", "q": "0.002", "nq": "0.002", "f": 7436196644, "l": 7436196644, "T": 1773522002244, "m": true}}
{"local_ts": 1773522002349, "server_ts": 1773522002244, "data": {"e": "aggTrade", "E": 1773522002257, "a": 3200349616, "s": "BTCUSDT", "p": "70737.00", "q": "0.007", "nq": "0.007", "f": 7436196645, "l": 7436196647, "T": 1773522002244, "m": true}}
{"local_ts": 1773522002350, "server_ts": 1773522002244, "data": {"e": "aggTrade", "E": 1773522002257, "a": 3200349617, "s": "BTCUSDT", "p": "70736.90", "q": "0.001", "nq": "0.001", "f": 7436196648, "l": 7436196648, "T": 1773522002244, "m": true}}
{"local_ts": 1773522002350, "server_ts": 1773522002244, "data": {"e": "aggTrade", "E": 1773522002257, "a": 3200349618, "s": "BTCUSDT", "p": "70736.80", "q": "0.002", "nq": "0.002", "f": 7436196649, "l": 7436196649, "T": 1773522002244, "m": true}}
{"local_ts": 1773522002350, "server_ts": 1773522002244, "data": {"e": "aggTrade", "E": 1773522002257, "a": 3200349619, "s": "BTCUSDT", "p": "70736.70", "q": "0.002", "nq": "0.002", "f": 7436196650, "l": 7436196650, "T": 1773522002244, "m": true}}
{"local_ts": 1773522002351, "server_ts": 1773522002245, "data": {"e": "aggTrade", "E": 1773522002257, "a": 3200349620, "s": "BTCUSDT", "p": "70736.50", "q": "0.001", "nq": "0.001", "f": 7436196651, "l": 7436196651, "T": 1773522002245, "m": true}}
{"local_ts": 1773522002367, "server_ts": 1773522002245, "data": {"e": "aggTrade", "E": 1773522002281, "a": 3200349621, "s": "BTCUSDT", "p": "70736.40", "q": "0.004", "nq": "0.004", "f": 7436196652, "l": 7436196653, "T": 1773522002245, "m": true}}
{"local_ts": 1773522002368, "server_ts": 1773522002267, "data": {"e": "aggTrade", "E": 1773522002281, "a": 3200349622, "s": "BTCUSDT", "p": "70736.30", "q": "0.012", "nq": "0.012", "f": 7436196654, "l": 7436196658, "T": 1773522002267, "m": true}}
{"local_ts": 1773522002368, "server_ts": 1773522002269, "data": {"e": "aggTrade", "E": 1773522002281, "a": 3200349623, "s": "BTCUSDT", "p": "70735.90", "q": "0.001", "nq": "0.001", "f": 7436196659, "l": 7436196659, "T": 1773522002269, "m": true}}
{"local_ts": 1773522002369, "server_ts": 1773522002269, "data": {"e": "aggTrade", "E": 1773522002281, "a": 3200349624, "s": "BTCUSDT", "p": "70735.50", "q": "0.013", "nq": "0.013", "f": 7436196660, "l": 7436196661, "T": 1773522002269, "m": true}}
{"local_ts": 1773522002370, "server_ts": 1773522002269, "data": {"e": "aggTrade", "E": 1773522002283, "a": 3200349625, "s": "BTCUSDT", "p": "70735.30", "q": "0.006", "nq": "0.006", "f": 7436196662, "l": 7436196663, "T": 1773522002269, "m": true}}
{"local_ts": 1773522002370, "server_ts": 1773522002269, "data": {"e": "aggTrade", "E": 1773522002283, "a": 3200349626, "s": "BTCUSDT", "p": "70735.20", "q": "0.003", "nq": "0.003", "f": 7436196664, "l": 7436196664, "T": 1773522002269, "m": true}}
{"local_ts": 1773522002521, "server_ts": 1773522002269, "data": {"e": "aggTrade", "E": 1773522002434, "a": 3200349627, "s": "BTCUSDT", "p": "70735.10", "q": "0.002", "nq": "0.002", "f": 7436196665, "l": 7436196665, "T": 1773522002269, "m": true}}
{"local_ts": 1773522002799, "server_ts": 1773522002706, "data": {"e": "aggTrade", "E": 1773522002712, "a": 3200349628, "s": "BTCUSDT", "p": "70735.00", "q": "0.185", "nq": "0.185", "f": 7436196666, "l": 7436196676, "T": 1773522002706, "m": true}}
{"local_ts": 1773522002805, "server_ts": 1773522002706, "data": {"e": "aggTrade", "E": 1773522002712, "a": 3200349629, "s": "BTCUSDT", "p": "70734.90", "q": "0.004", "nq": "0.004", "f": 7436196677, "l": 7436196678, "T": 1773522002706, "m": true}}
{"local_ts": 1773522002805, "server_ts": 1773522002706, "data": {"e": "aggTrade", "E": 1773522002712, "a": 3200349630, "s": "BTCUSDT", "p": "70734.80", "q": "0.004", "nq": "0.004", "f": 7436196679, "l": 7436196680, "T": 1773522002706, "m": true}}
{"local_ts": 1773522002806, "server_ts": 1773522002706, "data": {"e": "aggTrade", "E": 1773522002712, "a": 3200349631, "s": "BTCUSDT", "p": "70734.70", "q": "0.003", "nq": "0.003", "f": 7436196681, "l": 7436196682, "T": 1773522002706, "m": true}}
{"local_ts": 1773522002806, "server_ts": 1773522002706, "data": {"e": "aggTrade", "E": 1773522002712, "a": 3200349632, "s": "BTCUSDT", "p": "70734.60", "q": "0.004", "nq": "0.004", "f": 7436196683, "l": 7436196684, "T": 1773522002706, "m": true}}
{"local_ts": 1773522002807, "server_ts": 1773522002706, "data": {"e": "aggTrade", "E": 1773522002712, "a": 3200349633, "s": "BTCUSDT", "p": "70734.00", "q": "0.003", "nq": "0.003", "f": 7436196685, "l": 7436196686, "T": 1773522002706, "m": true}}
{"local_ts": 1773522002807, "server_ts": 1773522002706, "data": {"e": "aggTrade", "E": 1773522002712, "a": 3200349634, "s": "BTCUSDT", "p": "70733.90", "q": "0.004", "nq": "0.004", "f": 7436196687, "l": 7436196687, "T": 1773522002706, "m": true}}
{"local_ts": 1773522002807, "server_ts": 1773522002706, "data": {"e": "aggTrade", "E": 1773522002712, "a": 3200349635, "s": "BTCUSDT", "p": "70733.80", "q": "0.002", "nq": "0.002", "f": 7436196688, "l": 7436196688, "T": 1773522002706, "m": true}}
{"local_ts": 1773522002808, "server_ts": 1773522002706, "data": {"e": "aggTrade", "E": 1773522002712, "a": 3200349636, "s": "BTCUSDT", "p": "70733.70", "q": "0.002", "nq": "0.002", "f": 7436196689, "l": 7436196689, "T": 1773522002706, "m": true}}
{"local_ts": 1773522002808, "server_ts": 1773522002706, "data": {"e": "aggTrade", "E": 1773522002712, "a": 3200349637, "s": "BTCUSDT", "p": "70733.60", "q": "0.002", "nq": "0.002", "f": 7436196690, "l": 7436196690, "T": 1773522002706, "m": true}}
{"local_ts": 1773522002808, "server_ts": 1773522002707, "data": {"e": "aggTrade", "E": 1773522002712, "a": 3200349638, "s": "BTCUSDT", "p": "70733.50", "q": "0.003", "nq": "0.003", "f": 7436196691, "l": 7436196692, "T": 1773522002707, "m": true}}
{"local_ts": 1773522002809, "server_ts": 1773522002707, "data": {"e": "aggTrade", "E": 1773522002716, "a": 3200349639, "s": "BTCUSDT", "p": "70733.30", "q": "0.006", "nq": "0.006", "f": 7436196693, "l": 7436196694, "T": 1773522002707, "m": true}}
{"local_ts": 1773522002809, "server_ts": 1773522002710, "data": {"e": "aggTrade", "E": 1773522002716, "a": 3200349640, "s": "BTCUSDT", "p": "70733.00", "q": "0.001", "nq": "0.001", "f": 7436196695, "l": 7436196695, "T": 1773522002710, "m": true}}
{"local_ts": 1773522002809, "server_ts": 1773522002710, "data": {"e": "aggTrade", "E": 1773522002716, "a": 3200349641, "s": "BTCUSDT", "p": "70732.80", "q": "0.007", "nq": "0.007", "f": 7436196696, "l": 7436196698, "T": 1773522002710, "m": true}}
{"local_ts": 1773522002810, "server_ts": 1773522002710, "data": {"e": "aggTrade", "E": 1773522002716, "a": 3200349642, "s": "BTCUSDT", "p": "70732.70", "q": "0.002", "nq": "0.002", "f": 7436196699, "l": 7436196699, "T": 1773522002710, "m": true}}
{"local_ts": 1773522002810, "server_ts": 1773522002710, "data": {"e": "aggTrade", "E": 1773522002716, "a": 3200349643, "s": "BTCUSDT", "p": "70732.60", "q": "0.002", "nq": "0.002", "f": 7436196700, "l": 7436196700, "T": 1773522002710, "m": true}}
{"local_ts": 1773522002810, "server_ts": 1773522002710, "data": {"e": "aggTrade", "E": 1773522002716, "a": 3200349644, "s": "BTCUSDT", "p": "70732.20", "q": "0.002", "nq": "0.002", "f": 7436196701, "l": 7436196701, "T": 1773522002710, "m": true}}
{"local_ts": 1773522002811, "server_ts": 1773522002710, "data": {"e": "aggTrade", "E": 1773522002716, "a": 3200349645, "s": "BTCUSDT", "p": "70732.10", "q": "0.003", "nq": "0.003", "f": 7436196702, "l": 7436196703, "T": 1773522002710, "m": true}}
{"local_ts": 1773522002829, "server_ts": 1773522002710, "data": {"e": "aggTrade", "E": 1773522002737, "a": 3200349646, "s": "BTCUSDT", "p": "70731.50", "q": "0.012", "nq": "0.012", "f": 7436196704, "l": 7436196706, "T": 1773522002710, "m": true}}
{"local_ts": 1773522002830, "server_ts": 1773522002716, "data": {"e": "aggTrade", "E": 1773522002737, "a": 3200349647, "s": "BTCUSDT", "p": "70731.40", "q": "0.004", "nq": "0.004", "f": 7436196707, "l": 7436196708, "T": 1773522002716, "m": true}}
{"local_ts": 1773522002830, "server_ts": 1773522002716, "data": {"e": "aggTrade", "E": 1773522002737, "a": 3200349648, "s": "BTCUSDT", "p": "70731.30", "q": "0.001", "nq": "0.001", "f": 7436196709, "l": 7436196709, "T": 1773522002716, "m": true}}
{"local_ts": 1773522002830, "server_ts": 1773522002716, "data": {"e": "aggTrade", "E": 1773522002737, "a": 3200349649, "s": "BTCUSDT", "p": "70731.00", "q": "0.002", "nq": "0.002", "f": 7436196710, "l": 7436196710, "T": 1773522002716, "m": true}}
{"local_ts": 1773522002835, "server_ts": 1773522002717, "data": {"e": "aggTrade", "E": 1773522002748, "a": 3200349650, "s": "BTCUSDT", "p": "70730.50", "q": "0.069", "nq": "0.069", "f": 7436196711, "l": 7436196719, "T": 1773522002717, "m": true}}
{"local_ts": 1773522002836, "server_ts": 1773522002729, "data": {"e": "aggTrade", "E": 1773522002748, "a": 3200349651, "s": "BTCUSDT", "p": "70730.40", "q": "0.001", "nq": "0.001", "f": 7436196720, "l": 7436196720, "T": 1773522002729, "m": true}}
{"local_ts": 1773522002836, "server_ts": 1773522002729, "data": {"e": "aggTrade", "E": 1773522002748, "a": 3200349652, "s": "BTCUSDT", "p": "70730.30", "q": "0.002", "nq": "0.002", "f": 7436196721, "l": 7436196721, "T": 1773522002729, "m": true}}
{"local_ts": 1773522002887, "server_ts": 1773522002729, "data": {"e": "aggTrade", "E": 1773522002800, "a": 3200349653, "s": "BTCUSDT", "p": "70730.10", "q": "0.001", "nq": "0.001", "f": 7436196722, "l": 7436196722, "T": 1773522002729, "m": true}}
{"local_ts": 1773522002888, "server_ts": 1773522002797, "data": {"e": "aggTrade", "E": 1773522002803, "a": 3200349654, "s": "BTCUSDT", "p": "70730.00", "q": "0.045", "nq": "0.045", "f": 7436196723, "l": 7436196729, "T": 1773522002797, "m": true}}
{"local_ts": 1773522003040, "server_ts": 1773522002800, "data": {"e": "aggTrade", "E": 1773522002954, "a": 3200349655, "s": "BTCUSDT", "p": "70729.90", "q": "0.031", "nq": "0.031", "f": 7436196730, "l": 7436196731, "T": 1773522002800, "m": true}}
{"local_ts": 1773522003216, "server_ts": 1773522003021, "data": {"e": "aggTrade", "E": 1773522003130, "a": 3200349656, "s": "BTCUSDT", "p": "70729.90", "q": "0.011", "nq": "0.011", "f": 7436196732, "l": 7436196733, "T": 1773522003021, "m": true}}
{"local_ts": 1773522003222, "server_ts": 1773522003127, "data": {"e": "aggTrade", "E": 1773522003135, "a": 3200349657, "s": "BTCUSDT", "p": "70729.90", "q": "0.316", "nq": "0.316", "f": 7436196734, "l": 7436196740, "T": 1773522003127, "m": true}}
{"local_ts": 1773522003372, "server_ts": 1773522003131, "data": {"e": "aggTrade", "E": 1773522003286, "a": 3200349658, "s": "BTCUSDT", "p": "70730.00", "q": "0.002", "nq": "0.002", "f": 7436196741, "l": 7436196741, "T": 1773522003131, "m": false}}
{"local_ts": 1773522003679, "server_ts": 1773522003490, "data": {"e": "aggTrade", "E": 1773522003593, "a": 3200349659, "s": "BTCUSDT", "p": "70729.90", "q": "0.002", "nq": "0.002", "f": 7436196742, "l": 7436196742, "T": 1773522003490, "m": true}}
{"local_ts": 1773522003831, "server_ts": 1773522003592, "data": {"e": "aggTrade", "E": 1773522003744, "a": 3200349660, "s": "BTCUSDT", "p": "70730.00", "q": "0.009", "nq": "0.009", "f": 7436196743, "l": 7436196743, "T": 1773522003592, "m": false}}
{"local_ts": 1773522004222, "server_ts": 1773522003981, "data": {"e": "aggTrade", "E": 1773522004135, "a": 3200349661, "s": "BTCUSDT", "p": "70729.90", "q": "0.037", "nq": "0.037", "f": 7436196744, "l": 7436196744, "T": 1773522003981, "m": true}}
{"local_ts": 1773522004391, "server_ts": 1773522004172, "data": {"e": "aggTrade", "E": 1773522004305, "a": 3200349662, "s": "BTCUSDT", "p": "70730.00", "q": "0.012", "nq": "0.012", "f": 7436196745, "l": 7436196746, "T": 1773522004172, "m": false}}
{"local_ts": 1773522004466, "server_ts": 1773522004303, "data": {"e": "aggTrade", "E": 1773522004379, "a": 3200349663, "s": "BTCUSDT", "p": "70729.90", "q": "2.385", "nq": "2.385", "f": 7436196747, "l": 7436196760, "T": 1773522004303, "m": true}}
{"local_ts": 1773522004470, "server_ts": 1773522004375, "data": {"e": "aggTrade", "E": 1773522004385, "a": 3200349664, "s": "BTCUSDT", "p": "70729.80", "q": "0.004", "nq": "0.004", "f": 7436196761, "l": 7436196762, "T": 1773522004375, "m": true}}
{"local_ts": 1773522004471, "server_ts": 1773522004378, "data": {"e": "aggTrade", "E": 1773522004385, "a": 3200349665, "s": "BTCUSDT", "p": "70729.50", "q": "0.002", "nq": "0.002", "f": 7436196763, "l": 7436196763, "T": 1773522004378, "m": true}}
{"local_ts": 1773522004472, "server_ts": 1773522004378, "data": {"e": "aggTrade", "E": 1773522004385, "a": 3200349666, "s": "BTCUSDT", "p": "70729.40", "q": "0.001", "nq": "0.001", "f": 7436196764, "l": 7436196764, "T": 1773522004378, "m": true}}
{"local_ts": 1773522004473, "server_ts": 1773522004378, "data": {"e": "aggTrade", "E": 1773522004385, "a": 3200349667, "s": "BTCUSDT", "p": "70729.20", "q": "0.004", "nq": "0.004", "f": 7436196765, "l": 7436196766, "T": 1773522004378, "m": true}}
{"local_ts": 1773522004473, "server_ts": 1773522004378, "data": {"e": "aggTrade", "E": 1773522004386, "a": 3200349668, "s": "BTCUSDT", "p": "70728.80", "q": "0.004", "nq": "0.004", "f": 7436196767, "l": 7436196768, "T": 1773522004378, "m": true}}
{"local_ts": 1773522004474, "server_ts": 1773522004379, "data": {"e": "aggTrade", "E": 1773522004386, "a": 3200349669, "s": "BTCUSDT", "p": "70728.50", "q": "0.212", "nq": "0.212", "f": 7436196769, "l": 7436196769, "T": 1773522004379, "m": true}}
{"local_ts": 1773522004474, "server_ts": 1773522004379, "data": {"e": "aggTrade", "E": 1773522004386, "a": 3200349670, "s": "BTCUSDT", "p": "70728.40", "q": "0.003", "nq": "0.003", "f": 7436196770, "l": 7436196771, "T": 1773522004379, "m": true}}
{"local_ts": 1773522004478, "server_ts": 1773522004379, "data": {"e": "aggTrade", "E": 1773522004391, "a": 3200349671, "s": "BTCUSDT", "p": "70728.30", "q": "0.008", "nq": "0.008", "f": 7436196772, "l": 7436196773, "T": 1773522004379, "m": true}}
{"local_ts": 1773522004478, "server_ts": 1773522004384, "data": {"e": "aggTrade", "E": 1773522004391, "a": 3200349672, "s": "BTCUSDT", "p": "70728.10", "q": "0.003", "nq": "0.003", "f": 7436196774, "l": 7436196774, "T": 1773522004384, "m": true}}
{"local_ts": 1773522004479, "server_ts": 1773522004384, "data": {"e": "aggTrade", "E": 1773522004391, "a": 3200349673, "s": "BTCUSDT", "p": "70728.00", "q": "0.009", "nq": "0.009", "f": 7436196775, "l": 7436196778, "T": 1773522004384, "m": true}}
{"local_ts": 1773522004479, "server_ts": 1773522004384, "data": {"e": "aggTrade", "E": 1773522004391, "a": 3200349674, "s": "BTCUSDT", "p": "70727.80", "q": "0.146", "nq": "0.146", "f": 7436196779, "l": 7436196781, "T": 1773522004384, "m": true}}
{"local_ts": 1773522004479, "server_ts": 1773522004384, "data": {"e": "aggTrade", "E": 1773522004391, "a": 3200349675, "s": "BTCUSDT", "p": "70727.70", "q": "0.003", "nq": "0.003", "f": 7436196782, "l": 7436196783, "T": 1773522004384, "m": true}}
{"local_ts": 1773522004480, "server_ts": 1773522004384, "data": {"e": "aggTrade", "E": 1773522004391, "a": 3200349676, "s": "BTCUSDT", "p": "70727.40", "q": "0.002", "nq": "0.002", "f": 7436196784, "l": 7436196784, "T": 1773522004384, "m": true}}
{"local_ts": 1773522004480, "server_ts": 1773522004384, "data": {"e": "aggTrade", "E": 1773522004391, "a": 3200349677, "s": "BTCUSDT", "p": "70727.10", "q": "0.003", "nq": "0.003", "f": 7436196785, "l": 7436196785, "T": 1773522004384, "m": true}}
{"local_ts": 1773522004480, "server_ts": 1773522004384, "data": {"e": "aggTrade", "E": 1773522004391, "a": 3200349678, "s": "BTCUSDT", "p": "70726.90", "q": "0.024", "nq": "0.024", "f": 7436196786, "l": 7436196786, "T": 1773522004384, "m": true}}
{"local_ts": 1773522004481, "server_ts": 1773522004384, "data": {"e": "aggTrade", "E": 1773522004391, "a": 3200349679, "s": "BTCUSDT", "p": "70726.70", "q": "0.002", "nq": "0.002", "f": 7436196787, "l": 7436196787, "T": 1773522004384, "m": true}}
{"local_ts": 1773522004481, "server_ts": 1773522004384, "data": {"e": "aggTrade", "E": 1773522004391, "a": 3200349680, "s": "BTCUSDT", "p": "70726.50", "q": "0.002", "nq": "0.002", "f": 7436196788, "l": 7436196788, "T": 1773522004384, "m": true}}
{"local_ts": 1773522004481, "server_ts": 1773522004384, "data": {"e": "aggTrade", "E": 1773522004391, "a": 3200349681, "s": "BTCUSDT", "p": "70726.40", "q": "0.003", "nq": "0.003", "f": 7436196789, "l": 7436196789, "T": 1773522004384, "m": true}}
{"local_ts": 1773522004488, "server_ts": 1773522004384, "data": {"e": "aggTrade", "E": 1773522004401, "a": 3200349682, "s": "BTCUSDT", "p": "70726.30", "q": "0.001", "nq": "0.001", "f": 7436196790, "l": 7436196790, "T": 1773522004384, "m": true}}
{"local_ts": 1773522004489, "server_ts": 1773522004392, "data": {"e": "aggTrade", "E": 1773522004404, "a": 3200349683, "s": "BTCUSDT", "p": "70726.00", "q": "0.003", "nq": "0.003", "f": 7436196791, "l": 7436196791, "T": 1773522004392, "m": true}}
{"local_ts": 1773522004490, "server_ts": 1773522004393, "data": {"e": "aggTrade", "E": 1773522004404, "a": 3200349684, "s": "BTCUSDT", "p": "70725.70", "q": "0.011", "nq": "0.011", "f": 7436196792, "l": 7436196793, "T": 1773522004393, "m": true}}
{"local_ts": 1773522004490, "server_ts": 1773522004393, "data": {"e": "aggTrade", "E": 1773522004404, "a": 3200349685, "s": "BTCUSDT", "p": "70725.60", "q": "0.002", "nq": "0.002", "f": 7436196794, "l": 7436196794, "T": 1773522004393, "m": true}}
{"local_ts": 1773522004490, "server_ts": 1773522004393, "data": {"e": "aggTrade", "E": 1773522004404, "a": 3200349686, "s": "BTCUSDT", "p": "70725.20", "q": "0.001", "nq": "0.001", "f": 7436196795, "l": 7436196795, "T": 1773522004393, "m": true}}
{"local_ts": 1773522004491, "server_ts": 1773522004393, "data": {"e": "aggTrade", "E": 1773522004404, "a": 3200349687, "s": "BTCUSDT", "p": "70725.00", "q": "0.007", "nq": "0.007", "f": 7436196796, "l": 7436196797, "T": 1773522004393, "m": true}}
{"local_ts": 1773522004491, "server_ts": 1773522004393, "data": {"e": "aggTrade", "E": 1773522004404, "a": 3200349688, "s": "BTCUSDT", "p": "70724.80", "q": "0.002", "nq": "0.002", "f": 7436196798, "l": 7436196798, "T": 1773522004393, "m": true}}
{"local_ts": 1773522004491, "server_ts": 1773522004393, "data": {"e": "aggTrade", "E": 1773522004404, "a": 3200349689, "s": "BTCUSDT", "p": "70724.60", "q": "0.002", "nq": "0.002", "f": 7436196799, "l": 7436196799, "T": 1773522004393, "m": true}}
{"local_ts": 1773522004534, "server_ts": 1773522004393, "data": {"e": "aggTrade", "E": 1773522004446, "a": 3200349690, "s": "BTCUSDT", "p": "70724.50", "q": "0.004", "nq": "0.004", "f": 7436196800, "l": 7436196801, "T": 1773522004393, "m": true}}
{"local_ts": 1773522004537, "server_ts": 1773522004418, "data": {"e": "aggTrade", "E": 1773522004451, "a": 3200349691, "s": "BTCUSDT", "p": "70724.40", "q": "0.073", "nq": "0.073", "f": 7436196802, "l": 7436196809, "T": 1773522004418, "m": true}}
{"local_ts": 1773522004538, "server_ts": 1773522004422, "data": {"e": "aggTrade", "E": 1773522004451, "a": 3200349692, "s": "BTCUSDT", "p": "70724.20", "q": "0.007", "nq": "0.007", "f": 7436196810, "l": 7436196815, "T": 1773522004422, "m": true}}
{"local_ts": 1773522004553, "server_ts": 1773522004422, "data": {"e": "aggTrade", "E": 1773522004455, "a": 3200349693, "s": "BTCUSDT", "p": "70724.10", "q": "0.001", "nq": "0.001", "f": 7436196816, "l": 7436196816, "T": 1773522004422, "m": true}}
{"local_ts": 1773522004554, "server_ts": 1773522004436, "data": {"e": "aggTrade", "E": 1773522004455, "a": 3200349694, "s": "BTCUSDT", "p": "70724.00", "q": "0.002", "nq": "0.002", "f": 7436196817, "l": 7436196817, "T": 1773522004436, "m": false}}
{"local_ts": 1773522004554, "server_ts": 1773522004438, "data": {"e": "aggTrade", "E": 1773522004455, "a": 3200349695, "s": "BTCUSDT", "p": "70723.90", "q": "0.005", "nq": "0.005", "f": 7436196818, "l": 7436196819, "T": 1773522004438, "m": true}}
{"local_ts": 1773522004555, "server_ts": 1773522004438, "data": {"e": "aggTrade", "E": 1773522004455, "a": 3200349696, "s": "BTCUSDT", "p": "70723.80", "q": "0.002", "nq": "0.002", "f": 7436196820, "l": 7436196820, "T": 1773522004438, "m": true}}
{"local_ts": 1773522004555, "server_ts": 1773522004438, "data": {"e": "aggTrade", "E": 1773522004455, "a": 3200349697, "s": "BTCUSDT", "p": "70723.70", "q": "0.007", "nq": "0.007", "f": 7436196821, "l": 7436196822, "T": 1773522004438, "m": true}}
{"local_ts": 1773522004555, "server_ts": 1773522004438, "data": {"e": "aggTrade", "E": 1773522004455, "a": 3200349698, "s": "BTCUSDT", "p": "70723.60", "q": "0.002", "nq": "0.002", "f": 7436196823, "l": 7436196823, "T": 1773522004438, "m": true}}
{"local_ts": 1773522004556, "server_ts": 1773522004438, "data": {"e": "aggTrade", "E": 1773522004455, "a": 3200349699, "s": "BTCUSDT", "p": "70723.50", "q": "0.003", "nq": "0.003", "f": 7436196824, "l": 7436196825, "T": 1773522004438, "m": true}}
{"local_ts": 1773522004556, "server_ts": 1773522004438, "data": {"e": "aggTrade", "E": 1773522004455, "a": 3200349700, "s": "BTCUSDT", "p": "70723.40", "q": "0.002", "nq": "0.002", "f": 7436196826, "l": 7436196826, "T": 1773522004438, "m": true}}
{"local_ts": 1773522004557, "server_ts": 1773522004438, "data": {"e": "aggTrade", "E": 1773522004455, "a": 3200349701, "s": "BTCUSDT", "p": "70723.30", "q": "0.003", "nq": "0.003", "f": 7436196827, "l": 7436196827, "T": 1773522004438, "m": true}}
{"local_ts": 1773522004557, "server_ts": 1773522004438, "data": {"e": "aggTrade", "E": 1773522004455, "a": 3200349702, "s": "BTCUSDT", "p": "70722.90", "q": "0.003", "nq": "0.003", "f": 7436196828, "l": 7436196828, "T": 1773522004438, "m": true}}
{"local_ts": 1773522004558, "server_ts": 1773522004438, "data": {"e": "aggTrade", "E": 1773522004456, "a": 3200349703, "s": "BTCUSDT", "p": "70722.80", "q": "0.001", "nq": "0.001", "f": 7436196829, "l": 7436196829, "T": 1773522004438, "m": true}}
{"local_ts": 1773522004558, "server_ts": 1773522004442, "data": {"e": "aggTrade", "E": 1773522004457, "a": 3200349704, "s": "BTCUSDT", "p": "70722.70", "q": "0.067", "nq": "0.067", "f": 7436196830, "l": 7436196832, "T": 1773522004442, "m": true}}
{"local_ts": 1773522004558, "server_ts": 1773522004444, "data": {"e": "aggTrade", "E": 1773522004457, "a": 3200349705, "s": "BTCUSDT", "p": "70722.60", "q": "0.002", "nq": "0.002", "f": 7436196833, "l": 7436196833, "T": 1773522004444, "m": true}}
{"local_ts": 1773522004559, "server_ts": 1773522004446, "data": {"e": "aggTrade", "E": 1773522004457, "a": 3200349706, "s": "BTCUSDT", "p": "70722.30", "q": "0.002", "nq": "0.002", "f": 7436196834, "l": 7436196834, "T": 1773522004446, "m": true}}
{"local_ts": 1773522004559, "server_ts": 1773522004446, "data": {"e": "aggTrade", "E": 1773522004457, "a": 3200349707, "s": "BTCUSDT", "p": "70722.20", "q": "0.016", "nq": "0.016", "f": 7436196835, "l": 7436196837, "T": 1773522004446, "m": true}}
{"local_ts": 1773522004559, "server_ts": 1773522004446, "data": {"e": "aggTrade", "E": 1773522004457, "a": 3200349708, "s": "BTCUSDT", "p": "70722.10", "q": "0.005", "nq": "0.005", "f": 7436196838, "l": 7436196838, "T": 1773522004446, "m": true}}
{"local_ts": 1773522004560, "server_ts": 1773522004446, "data": {"e": "aggTrade", "E": 1773522004457, "a": 3200349709, "s": "BTCUSDT", "p": "70722.00", "q": "0.009", "nq": "0.009", "f": 7436196839, "l": 7436196841, "T": 1773522004446, "m": true}}
{"local_ts": 1773522004560, "server_ts": 1773522004446, "data": {"e": "aggTrade", "E": 1773522004457, "a": 3200349710, "s": "BTCUSDT", "p": "70721.90", "q": "0.002", "nq": "0.002", "f": 7436196842, "l": 7436196842, "T": 1773522004446, "m": true}}
{"local_ts": 1773522004560, "server_ts": 1773522004446, "data": {"e": "aggTrade", "E": 1773522004459, "a": 3200349711, "s": "BTCUSDT", "p": "70721.60", "q": "0.002", "nq": "0.002", "f": 7436196843, "l": 7436196843, "T": 1773522004446, "m": true}}
{"local_ts": 1773522004561, "server_ts": 1773522004451, "data": {"e": "aggTrade", "E": 1773522004459, "a": 3200349712, "s": "BTCUSDT", "p": "70721.50", "q": "0.025", "nq": "0.025", "f": 7436196844, "l": 7436196847, "T": 1773522004451, "m": true}}
{"local_ts": 1773522004561, "server_ts": 1773522004454, "data": {"e": "aggTrade", "E": 1773522004464, "a": 3200349713, "s": "BTCUSDT", "p": "70721.40", "q": "0.041", "nq": "0.041", "f": 7436196848, "l": 7436196852, "T": 1773522004454, "m": true}}
{"local_ts": 1773522004561, "server_ts": 1773522004460, "data": {"e": "aggTrade", "E": 1773522004464, "a": 3200349714, "s": "BTCUSDT", "p": "70721.20", "q": "0.004", "nq": "0.004", "f": 7436196853, "l": 7436196854, "T": 1773522004460, "m": true}}
{"local_ts": 1773522004562, "server_ts": 1773522004460, "data": {"e": "aggTrade", "E": 1773522004464, "a": 3200349715, "s": "BTCUSDT", "p": "70721.10", "q": "0.002", "nq": "0.002", "f": 7436196855, "l": 7436196855, "T": 1773522004460, "m": true}}
{"local_ts": 1773522004562, "server_ts": 1773522004460, "data": {"e": "aggTrade", "E": 1773522004464, "a": 3200349716, "s": "BTCUSDT", "p": "70721.00", "q": "0.011", "nq": "0.011", "f": 7436196856, "l": 7436196859, "T": 1773522004460, "m": true}}
{"local_ts": 1773522004562, "server_ts": 1773522004460, "data": {"e": "aggTrade", "E": 1773522004464, "a": 3200349717, "s": "BTCUSDT", "p": "70720.90", "q": "0.010", "nq": "0.010", "f": 7436196860, "l": 7436196860, "T": 1773522004460, "m": true}}
{"local_ts": 1773522004563, "server_ts": 1773522004460, "data": {"e": "aggTrade", "E": 1773522004467, "a": 3200349718, "s": "BTCUSDT", "p": "70720.80", "q": "0.002", "nq": "0.002", "f": 7436196861, "l": 7436196862, "T": 1773522004460, "m": true}}
{"local_ts": 1773522004563, "server_ts": 1773522004462, "data": {"e": "aggTrade", "E": 1773522004467, "a": 3200349719, "s": "BTCUSDT", "p": "70720.70", "q": "0.010", "nq": "0.010", "f": 7436196863, "l": 7436196863, "T": 1773522004462, "m": true}}
{"local_ts": 1773522004563, "server_ts": 1773522004462, "data": {"e": "aggTrade", "E": 1773522004467, "a": 3200349720, "s": "BTCUSDT", "p": "70720.60", "q": "0.002", "nq": "0.002", "f": 7436196864, "l": 7436196864, "T": 1773522004462, "m": true}}
{"local_ts": 1773522004564, "server_ts": 1773522004462, "data": {"e": "aggTrade", "E": 1773522004467, "a": 3200349721, "s": "BTCUSDT", "p": "70720.50", "q": "0.009", "nq": "0.009", "f": 7436196865, "l": 7436196865, "T": 1773522004462, "m": true}}
{"local_ts": 1773522004564, "server_ts": 1773522004462, "data": {"e": "aggTrade", "E": 1773522004467, "a": 3200349722, "s": "BTCUSDT", "p": "70720.30", "q": "0.005", "nq": "0.005", "f": 7436196866, "l": 7436196866, "T": 1773522004462, "m": true}}
{"local_ts": 1773522004564, "server_ts": 1773522004462, "data": {"e": "aggTrade", "E": 1773522004467, "a": 3200349723, "s": "BTCUSDT", "p": "70720.20", "q": "0.002", "nq": "0.002", "f": 7436196867, "l": 7436196867, "T": 1773522004462, "m": true}}
{"local_ts": 1773522004565, "server_ts": 1773522004462, "data": {"e": "aggTrade", "E": 1773522004467, "a": 3200349724, "s": "BTCUSDT", "p": "70720.10", "q": "0.006", "nq": "0.006", "f": 7436196868, "l": 7436196870, "T": 1773522004462, "m": true}}
{"local_ts": 1773522004566, "server_ts": 1773522004462, "data": {"e": "aggTrade", "E": 1773522004468, "a": 3200349725, "s": "BTCUSDT", "p": "70720.00", "q": "0.032", "nq": "0.032", "f": 7436196871, "l": 7436196876, "T": 1773522004462, "m": true}}
{"local_ts": 1773522004566, "server_ts": 1773522004464, "data": {"e": "aggTrade", "E": 1773522004476, "a": 3200349726, "s": "BTCUSDT", "p": "70719.60", "q": "0.214", "nq": "0.214", "f": 7436196877, "l": 7436196877, "T": 1773522004464, "m": false}}
{"local_ts": 1773522004683, "server_ts": 1773522004464, "data": {"e": "aggTrade", "E": 1773522004596, "a": 3200349727, "s": "BTCUSDT", "p": "70719.50", "q": "0.004", "nq": "0.004", "f": 7436196878, "l": 7436196878, "T": 1773522004464, "m": true}}
{"local_ts": 1773522004720, "server_ts": 1773522004594, "data": {"e": "aggTrade", "E": 1773522004632, "a": 3200349728, "s": "BTCUSDT", "p": "70719.50", "q": "1.107", "nq": "1.107", "f": 7436196879, "l": 7436196889, "T": 1773522004594, "m": true}}
{"local_ts": 1773522004730, "server_ts": 1773522004627, "data": {"e": "aggTrade", "E": 1773522004635, "a": 3200349729, "s": "BTCUSDT", "p": "70719.40", "q": "0.004", "nq": "0.004", "f": 7436196890, "l": 7436196891, "T": 1773522004627, "m": true}}
{"local_ts": 1773522004731, "server_ts": 1773522004628, "data": {"e": "aggTrade", "E": 1773522004635, "a": 3200349730, "s": "BTCUSDT", "p": "70719.20", "q": "0.002", "nq": "0.002", "f": 7436196892, "l": 7436196892, "T": 1773522004628, "m": true}}
{"local_ts": 1773522004731, "server_ts": 1773522004628, "data": {"e": "aggTrade", "E": 1773522004635, "a": 3200349731, "s": "BTCUSDT", "p": "70719.10", "q": "0.001", "nq": "0.001", "f": 7436196893, "l": 7436196893, "T": 1773522004628, "m": true}}
{"local_ts": 1773522004731, "server_ts": 1773522004628, "data": {"e": "aggTrade", "E": 1773522004635, "a": 3200349732, "s": "BTCUSDT", "p": "70719.00", "q": "0.002", "nq": "0.002", "f": 7436196894, "l": 7436196894, "T": 1773522004628, "m": true}}
{"local_ts": 1773522004732, "server_ts": 1773522004628, "data": {"e": "aggTrade", "E": 1773522004636, "a": 3200349733, "s": "BTCUSDT", "p": "70718.70", "q": "0.002", "nq": "0.002", "f": 7436196895, "l": 7436196895, "T": 1773522004628, "m": true}}
{"local_ts": 1773522004732, "server_ts": 1773522004631, "data": {"e": "aggTrade", "E": 1773522004636, "a": 3200349734, "s": "BTCUSDT", "p": "70718.40", "q": "0.020", "nq": "0.020", "f": 7436196896, "l": 7436196902, "T": 1773522004631, "m": true}}
{"local_ts": 1773522004738, "server_ts": 1773522004631, "data": {"e": "aggTrade", "E": 1773522004654, "a": 3200349735, "s": "BTCUSDT", "p": "70718.10", "q": "0.001", "nq": "0.001", "f": 7436196903, "l": 7436196903, "T": 1773522004631, "m": true}}
{"local_ts": 1773522004746, "server_ts": 1773522004643, "data": {"e": "aggTrade", "E": 1773522004656, "a": 3200349736, "s": "BTCUSDT", "p": "70718.00", "q": "0.043", "nq": "0.043", "f": 7436196904, "l": 7436196907, "T": 1773522004643, "m": true}}
{"local_ts": 1773522004747, "server_ts": 1773522004646, "data": {"e": "aggTrade", "E": 1773522004656, "a": 3200349737, "s": "BTCUSDT", "p": "70717.90", "q": "0.007", "nq": "0.007", "f": 7436196908, "l": 7436196910, "T": 1773522004646, "m": true}}
{"local_ts": 1773522004748, "server_ts": 1773522004646, "data": {"e": "aggTrade", "E": 1773522004656, "a": 3200349738, "s": "BTCUSDT", "p": "70717.80", "q": "0.003", "nq": "0.003", "f": 7436196911, "l": 7436196911, "T": 1773522004646, "m": true}}
{"local_ts": 1773522004748, "server_ts": 1773522004646, "data": {"e": "aggTrade", "E": 1773522004656, "a": 3200349739, "s": "BTCUSDT", "p": "70717.50", "q": "0.004", "nq": "0.004", "f": 7436196912, "l": 7436196913, "T": 1773522004646, "m": true}}
{"local_ts": 1773522004748, "server_ts": 1773522004646, "data": {"e": "aggTrade", "E": 1773522004656, "a": 3200349740, "s": "BTCUSDT", "p": "70717.30", "q": "0.003", "nq": "0.003", "f": 7436196914, "l": 7436196914, "T": 1773522004646, "m": true}}
{"local_ts": 1773522004749, "server_ts": 1773522004646, "data": {"e": "aggTrade", "E": 1773522004656, "a": 3200349741, "s": "BTCUSDT", "p": "70717.10", "q": "0.021", "nq": "0.021", "f": 7436196915, "l": 7436196918, "T": 1773522004646, "m": true}}
{"local_ts": 1773522004753, "server_ts": 1773522004646, "data": {"e": "aggTrade", "E": 1773522004662, "a": 3200349742, "s": "BTCUSDT", "p": "70717.00", "q": "0.063", "nq": "0.063", "f": 7436196919, "l": 7436196924, "T": 1773522004646, "m": true}}
{"local_ts": 1773522004754, "server_ts": 1773522004652, "data": {"e": "aggTrade", "E": 1773522004662, "a": 3200349743, "s": "BTCUSDT", "p": "70716.80", "q": "0.002", "nq": "0.002", "f": 7436196925, "l": 7436196925, "T": 1773522004652, "m": true}}
{"local_ts": 1773522004755, "server_ts": 1773522004652, "data": {"e": "aggTrade", "E": 1773522004662, "a": 3200349744, "s": "BTCUSDT", "p": "70716.70", "q": "0.001", "nq": "0.001", "f": 7436196926, "l": 7436196926, "T": 1773522004652, "m": true}}
{"local_ts": 1773522004755, "server_ts": 1773522004652, "data": {"e": "aggTrade", "E": 1773522004662, "a": 3200349745, "s": "BTCUSDT", "p": "70716.60", "q": "0.017", "nq": "0.017", "f": 7436196927, "l": 7436196929, "T": 1773522004652, "m": true}}
{"local_ts": 1773522004755, "server_ts": 1773522004652, "data": {"e": "aggTrade", "E": 1773522004662, "a": 3200349746, "s": "BTCUSDT", "p": "70716.00", "q": "0.002", "nq": "0.002", "f": 7436196930, "l": 7436196930, "T": 1773522004652, "m": true}}
{"local_ts": 1773522004756, "server_ts": 1773522004652, "data": {"e": "aggTrade", "E": 1773522004662, "a": 3200349747, "s": "BTCUSDT", "p": "70715.90", "q": "0.005", "nq": "0.005", "f": 7436196931, "l": 7436196932, "T": 1773522004652, "m": true}}
{"local_ts": 1773522004756, "server_ts": 1773522004652, "data": {"e": "aggTrade", "E": 1773522004662, "a": 3200349748, "s": "BTCUSDT", "p": "70715.70", "q": "0.007", "nq": "0.007", "f": 7436196933, "l": 7436196935, "T": 1773522004652, "m": true}}
{"local_ts": 1773522004756, "server_ts": 1773522004652, "data": {"e": "aggTrade", "E": 1773522004666, "a": 3200349749, "s": "BTCUSDT", "p": "70715.60", "q": "0.002", "nq": "0.002", "f": 7436196936, "l": 7436196936, "T": 1773522004652, "m": true}}
{"local_ts": 1773522004757, "server_ts": 1773522004656, "data": {"e": "aggTrade", "E": 1773522004668, "a": 3200349750, "s": "BTCUSDT", "p": "70715.20", "q": "0.006", "nq": "0.006", "f": 7436196937, "l": 7436196938, "T": 1773522004656, "m": true}}
{"local_ts": 1773522004757, "server_ts": 1773522004659, "data": {"e": "aggTrade", "E": 1773522004668, "a": 3200349751, "s": "BTCUSDT", "p": "70715.10", "q": "0.019", "nq": "0.019", "f": 7436196939, "l": 7436196940, "T": 1773522004659, "m": true}}
{"local_ts": 1773522004854, "server_ts": 1773522004660, "data": {"e": "aggTrade", "E": 1773522004767, "a": 3200349752, "s": "BTCUSDT", "p": "70715.20", "q": "0.004", "nq": "0.004", "f": 7436196941, "l": 7436196942, "T": 1773522004660, "m": false}}
{"local_ts": 1773522005008, "server_ts": 1773522004765, "data": {"e": "aggTrade", "E": 1773522004918, "a": 3200349753, "s": "BTCUSDT", "p": "70715.10", "q": "0.017", "nq": "0.017", "f": 7436196943, "l": 7436196943, "T": 1773522004765, "m": true}}
{"local_ts": 1773522005165, "server_ts": 1773522004924, "data": {"e": "aggTrade", "E": 1773522005078, "a": 3200349754, "s": "BTCUSDT", "p": "70715.10", "q": "0.024", "nq": "0.024", "f": 7436196944, "l": 7436196944, "T": 1773522004924, "m": true}}
{"local_ts": 1773522005457, "server_ts": 1773522005251, "data": {"e": "aggTrade", "E": 1773522005369, "a": 3200349755, "s": "BTCUSDT", "p": "70715.20", "q": "0.008", "nq": "0.008", "f": 7436196945, "l": 7436196945, "T": 1773522005251, "m": false}}
{"local_ts": 1773522005462, "server_ts": 1773522005366, "data": {"e": "aggTrade", "E": 1773522005374, "a": 3200349756, "s": "BTCUSDT", "p": "70715.20", "q": "7.654", "nq": "7.654", "f": 7436196946, "l": 7436196992, "T": 1773522005366, "m": false}}
{"local_ts": 1773522005462, "server_ts": 1773522005368, "data": {"e": "aggTrade", "E": 1773522005374, "a": 3200349757, "s": "BTCUSDT", "p": "70715.30", "q": "0.071", "nq": "0.071", "f": 7436196993, "l": 7436196995, "T": 1773522005368, "m": false}}
{"local_ts": 1773522005463, "server_ts": 1773522005368, "data": {"e": "aggTrade", "E": 1773522005374, "a": 3200349758, "s": "BTCUSDT", "p": "70715.40", "q": "0.002", "nq": "0.002", "f": 7436196996, "l": 7436196996, "T": 1773522005368, "m": false}}
{"local_ts": 1773522005463, "server_ts": 1773522005368, "data": {"e": "aggTrade", "E": 1773522005374, "a": 3200349759, "s": "BTCUSDT", "p": "70715.50", "q": "0.002", "nq": "0.002", "f": 7436196997, "l": 7436196997, "T": 1773522005368, "m": false}}
{"local_ts": 1773522005464, "server_ts": 1773522005368, "data": {"e": "aggTrade", "E": 1773522005374, "a": 3200349760, "s": "BTCUSDT", "p": "70716.80", "q": "0.002", "nq": "0.002", "f": 7436196998, "l": 7436196998, "T": 1773522005368, "m": false}}
{"local_ts": 1773522005464, "server_ts": 1773522005368, "data": {"e": "aggTrade", "E": 1773522005374, "a": 3200349761, "s": "BTCUSDT", "p": "70717.00", "q": "0.068", "nq": "0.068", "f": 7436196999, "l": 7436197000, "T": 1773522005368, "m": false}}
{"local_ts": 1773522005465, "server_ts": 1773522005368, "data": {"e": "aggTrade", "E": 1773522005374, "a": 3200349762, "s": "BTCUSDT", "p": "70717.10", "q": "0.377", "nq": "0.377", "f": 7436197001, "l": 7436197004, "T": 1773522005368, "m": false}}
{"local_ts": 1773522005465, "server_ts": 1773522005368, "data": {"e": "aggTrade", "E": 1773522005374, "a": 3200349763, "s": "BTCUSDT", "p": "70717.20", "q": "0.008", "nq": "0.008", "f": 7436197005, "l": 7436197005, "T": 1773522005368, "m": false}}
{"local_ts": 1773522005465, "server_ts": 1773522005369, "data": {"e": "aggTrade", "E": 1773522005374, "a": 3200349764, "s": "BTCUSDT", "p": "70717.50", "q": "0.002", "nq": "0.002", "f": 7436197006, "l": 7436197006, "T": 1773522005369, "m": false}}
{"local_ts": 1773522005466, "server_ts": 1773522005369, "data": {"e": "aggTrade", "E": 1773522005374, "a": 3200349765, "s": "BTCUSDT", "p": "70717.60", "q": "0.003", "nq": "0.003", "f": 7436197007, "l": 7436197007, "T": 1773522005369, "m": false}}
{"local_ts": 1773522005470, "server_ts": 1773522005369, "data": {"e": "aggTrade", "E": 1773522005378, "a": 3200349766, "s": "BTCUSDT", "p": "70717.80", "q": "0.002", "nq": "0.002", "f": 7436197008, "l": 7436197008, "T": 1773522005369, "m": false}}
{"local_ts": 1773522005471, "server_ts": 1773522005370, "data": {"e": "aggTrade", "E": 1773522005378, "a": 3200349767, "s": "BTCUSDT", "p": "70718.10", "q": "0.032", "nq": "0.032", "f": 7436197009, "l": 7436197010, "T": 1773522005370, "m": false}}
{"local_ts": 1773522005471, "server_ts": 1773522005370, "data": {"e": "aggTrade", "E": 1773522005378, "a": 3200349768, "s": "BTCUSDT", "p": "70718.20", "q": "0.001", "nq": "0.001", "f": 7436197011, "l": 7436197011, "T": 1773522005370, "m": false}}
{"local_ts": 1773522005472, "server_ts": 1773522005370, "data": {"e": "aggTrade", "E": 1773522005379, "a": 3200349769, "s": "BTCUSDT", "p": "70718.30", "q": "0.002", "nq": "0.002", "f": 7436197012, "l": 7436197012, "T": 1773522005370, "m": false}}
{"local_ts": 1773522005472, "server_ts": 1773522005370, "data": {"e": "aggTrade", "E": 1773522005379, "a": 3200349770, "s": "BTCUSDT", "p": "70718.40", "q": "0.003", "nq": "0.003", "f": 7436197013, "l": 7436197013, "T": 1773522005370, "m": false}}
{"local_ts": 1773522005473, "server_ts": 1773522005370, "data": {"e": "aggTrade", "E": 1773522005379, "a": 3200349771, "s": "BTCUSDT", "p": "70718.50", "q": "0.032", "nq": "0.032", "f": 7436197014, "l": 7436197014, "T": 1773522005370, "m": false}}
{"local_ts": 1773522005473, "server_ts": 1773522005370, "data": {"e": "aggTrade", "E": 1773522005379, "a": 3200349772, "s": "BTCUSDT", "p": "70718.60", "q": "0.003", "nq": "0.003", "f": 7436197015, "l": 7436197016, "T": 1773522005370, "m": false}}
{"local_ts": 1773522005479, "server_ts": 1773522005370, "data": {"e": "aggTrade", "E": 1773522005384, "a": 3200349773, "s": "BTCUSDT", "p": "70718.70", "q": "0.001", "nq": "0.001", "f": 7436197017, "l": 7436197017, "T": 1773522005370, "m": false}}
{"local_ts": 1773522005479, "server_ts": 1773522005372, "data": {"e": "aggTrade", "E": 1773522005384, "a": 3200349774, "s": "BTCUSDT", "p": "70718.90", "q": "0.007", "nq": "0.007", "f": 7436197018, "l": 7436197022, "T": 1773522005372, "m": false}}
{"local_ts": 1773522005480, "server_ts": 1773522005372, "data": {"e": "aggTrade", "E": 1773522005384, "a": 3200349775, "s": "BTCUSDT", "p": "70719.00", "q": "0.006", "nq": "0.006", "f": 7436197023, "l": 7436197024, "T": 1773522005372, "m": false}}
{"local_ts": 1773522005480, "server_ts": 1773522005372, "data": {"e": "aggTrade", "E": 1773522005384, "a": 3200349776, "s": "BTCUSDT", "p": "70719.20", "q": "0.004", "nq": "0.004", "f": 7436197025, "l": 7436197025, "T": 1773522005372, "m": false}}
{"local_ts": 1773522005480, "server_ts": 1773522005372, "data": {"e": "aggTrade", "E": 1773522005384, "a": 3200349777, "s": "BTCUSDT", "p": "70719.30", "q": "0.002", "nq": "0.002", "f": 7436197026, "l": 7436197026, "T": 1773522005372, "m": false}}
{"local_ts": 1773522005481, "server_ts": 1773522005372, "data": {"e": "aggTrade", "E": 1773522005384, "a": 3200349778, "s": "BTCUSDT", "p": "70719.40", "q": "0.001", "nq": "0.001", "f": 7436197027, "l": 7436197027, "T": 1773522005372, "m": false}}
{"local_ts": 1773522005481, "server_ts": 1773522005372, "data": {"e": "aggTrade", "E": 1773522005384, "a": 3200349779, "s": "BTCUSDT", "p": "70719.50", "q": "0.139", "nq": "0.139", "f": 7436197028, "l": 7436197031, "T": 1773522005372, "m": false}}
{"local_ts": 1773522005481, "server_ts": 1773522005372, "data": {"e": "aggTrade", "E": 1773522005384, "a": 3200349780, "s": "BTCUSDT", "p": "70719.60", "q": "0.176", "nq": "0.176", "f": 7436197032, "l": 7436197044, "T": 1773522005372, "m": false}}
{"local_ts": 1773522005482, "server_ts": 1773522005372, "data": {"e": "aggTrade", "E": 1773522005384, "a": 3200349781, "s": "BTCUSDT", "p": "70719.70", "q": "0.003", "nq": "0.003", "f": 7436197045, "l": 7436197046, "T": 1773522005372, "m": false}}
{"local_ts": 1773522005482, "server_ts": 1773522005372, "data": {"e": "aggTrade", "E": 1773522005384, "a": 3200349782, "s": "BTCUSDT", "p": "70719.90", "q": "0.010", "nq": "0.010", "f": 7436197047, "l": 7436197048, "T": 1773522005372, "m": false}}
{"local_ts": 1773522005482, "server_ts": 1773522005372, "data": {"e": "aggTrade", "E": 1773522005384, "a": 3200349783, "s": "BTCUSDT", "p": "70720.00", "q": "0.004", "nq": "0.004", "f": 7436197049, "l": 7436197050, "T": 1773522005372, "m": false}}
{"local_ts": 1773522005483, "server_ts": 1773522005372, "data": {"e": "aggTrade", "E": 1773522005384, "a": 3200349784, "s": "BTCUSDT", "p": "70720.20", "q": "0.003", "nq": "0.003", "f": 7436197051, "l": 7436197052, "T": 1773522005372, "m": false}}
{"local_ts": 1773522005483, "server_ts": 1773522005372, "data": {"e": "aggTrade", "E": 1773522005384, "a": 3200349785, "s": "BTCUSDT", "p": "70720.40", "q": "0.003", "nq": "0.003", "f": 7436197053, "l": 7436197053, "T": 1773522005372, "m": false}}
{"local_ts": 1773522005484, "server_ts": 1773522005372, "data": {"e": "aggTrade", "E": 1773522005384, "a": 3200349786, "s": "BTCUSDT", "p": "70720.70", "q": "0.012", "nq": "0.012", "f": 7436197054, "l": 7436197055, "T": 1773522005372, "m": false}}
{"local_ts": 1773522005484, "server_ts": 1773522005372, "data": {"e": "aggTrade", "E": 1773522005384, "a": 3200349787, "s": "BTCUSDT", "p": "70720.80", "q": "0.002", "nq": "0.002", "f": 7436197056, "l": 7436197056, "T": 1773522005372, "m": false}}
{"local_ts": 1773522005484, "server_ts": 1773522005372, "data": {"e": "aggTrade", "E": 1773522005384, "a": 3200349788, "s": "BTCUSDT", "p": "70720.90", "q": "0.001", "nq": "0.001", "f": 7436197057, "l": 7436197057, "T": 1773522005372, "m": false}}
{"local_ts": 1773522005485, "server_ts": 1773522005372, "data": {"e": "aggTrade", "E": 1773522005385, "a": 3200349789, "s": "BTCUSDT", "p": "70721.00", "q": "0.005", "nq": "0.005", "f": 7436197058, "l": 7436197060, "T": 1773522005372, "m": false}}
{"local_ts": 1773522005485, "server_ts": 1773522005372, "data": {"e": "aggTrade", "E": 1773522005385, "a": 3200349790, "s": "BTCUSDT", "p": "70721.10", "q": "0.002", "nq": "0.002", "f": 7436197061, "l": 7436197061, "T": 1773522005372, "m": false}}
{"local_ts": 1773522005485, "server_ts": 1773522005372, "data": {"e": "aggTrade", "E": 1773522005385, "a": 3200349791, "s": "BTCUSDT", "p": "70721.20", "q": "0.002", "nq": "0.002", "f": 7436197062, "l": 7436197062, "T": 1773522005372, "m": false}}
{"local_ts": 1773522005486, "server_ts": 1773522005372, "data": {"e": "aggTrade", "E": 1773522005385, "a": 3200349792, "s": "BTCUSDT", "p": "70721.30", "q": "0.011", "nq": "0.011", "f": 7436197063, "l": 7436197064, "T": 1773522005372, "m": false}}
{"local_ts": 1773522005486, "server_ts": 1773522005372, "data": {"e": "aggTrade", "E": 1773522005385, "a": 3200349793, "s": "BTCUSDT", "p": "70721.40", "q": "0.003", "nq": "0.003", "f": 7436197065, "l": 7436197065, "T": 1773522005372, "m": false}}
{"local_ts": 1773522005486, "server_ts": 1773522005372, "data": {"e": "aggTrade", "E": 1773522005385, "a": 3200349794, "s": "BTCUSDT", "p": "70721.50", "q": "0.004", "nq": "0.004", "f": 7436197066, "l": 7436197067, "T": 1773522005372, "m": false}}
{"local_ts": 1773522005487, "server_ts": 1773522005373, "data": {"e": "aggTrade", "E": 1773522005385, "a": 3200349795, "s": "BTCUSDT", "p": "70721.60", "q": "0.001", "nq": "0.001", "f": 7436197068, "l": 7436197068, "T": 1773522005373, "m": false}}
{"local_ts": 1773522005487, "server_ts": 1773522005373, "data": {"e": "aggTrade", "E": 1773522005385, "a": 3200349796, "s": "BTCUSDT", "p": "70721.70", "q": "0.004", "nq": "0.004", "f": 7436197069, "l": 7436197070, "T": 1773522005373, "m": false}}
