{"local_ts": 1773525600060, "server_ts": 1773525599854, "data": {"e": "aggTrade", "E": 1773525600007, "a": 3200366096, "s": "BTCUSDT", "p": "70769.60", "q": "0.592", "nq": "0.592", "f": 7436234536, "l": 7436234539, "T": 1773525599854, "m": false}}
{"local_ts": 1773525600278, "server_ts": 1773525600070, "data": {"e": "aggTrade", "E": 1773525600223, "a": 3200366097, "s": "BTCUSDT", "p": "70769.50", "q": "0.035", "nq": "0.035", "f": 7436234540, "l": 7436234541, "T": 1773525600070, "m": true}}
{"local_ts": 1773525600478, "server_ts": 1773525600270, "data": {"e": "aggTrade", "E": 1773525600425, "a": 3200366098, "s": "BTCUSDT", "p": "70769.60", "q": "0.023", "nq": "0.023", "f": 7436234542, "l": 7436234543, "T": 1773525600270, "m": false}}
{"local_ts": 1773525600660, "server_ts": 1773525600451, "data": {"e": "aggTrade", "E": 1773525600606, "a": 3200366099, "s": "BTCUSDT", "p": "70769.60", "q": "0.070", "nq": "0.070", "f": 7436234544, "l": 7436234544, "T": 1773525600451, "m": false}}
{"local_ts": 1773525601108, "server_ts": 1773525600901, "data": {"e": "aggTrade", "E": 1773525601054, "a": 3200366100, "s": "BTCUSDT", "p": "70769.50", "q": "0.750", "nq": "0.750", "f": 7436234545, "l": 7436234546, "T": 1773525600901, "m": true}}
{"local_ts": 1773525601384, "server_ts": 1773525601308, "data": {"e": "aggTrade", "E": 1773525601321, "a": 3200366101, "s": "BTCUSDT", "p": "70769.50", "q": "2.014", "nq": "2.014", "f": 7436234547, "l": 7436234577, "T": 1773525601308, "m": true}}
{"local_ts": 1773525601385, "server_ts": 1773525601318, "data": {"e": "aggTrade", "E": 1773525601321, "a": 3200366102, "s": "BTCUSDT", "p": "70769.40", "q": "0.116", "nq": "0.116", "f": 7436234578, "l": 7436234582, "T": 1773525601318, "m": true}}
{"local_ts": 1773525601385, "server_ts": 1773525601318, "data": {"e": "aggTrade", "E": 1773525601321, "a": 3200366103, "s": "BTCUSDT", "p": "70769.20", "q": "0.003", "nq": "0.003", "f": 7436234583, "l": 7436234583, "T": 1773525601318, "m": true}}
{"local_ts": 1773525601386, "server_ts": 1773525601318, "data": {"e": "aggTrade", "E": 1773525601321, "a": 3200366104, "s": "BTCUSDT", "p": "70769.10", "q": "0.002", "nq": "0.002", "f": 7436234584, "l": 7436234584, "T": 1773525601318, "m": true}}
{"local_ts": 1773525601386, "server_ts": 1773525601318, "data": {"e": "aggTrade", "E": 1773525601321, "a": 3200366105, "s": "BTCUSDT", "p": "70768.90", "q": "0.002", "nq": "0.002", "f": 7436234585, "l": 7436234585, "T": 1773525601318, "m": true}}
{"local_ts": 1773525601386, "server_ts": 1773525601318, "data": {"e": "aggTrade", "E": 1773525601321, "a": 3200366106, "s": "BTCUSDT", "p": "70768.80", "q": "0.080", "nq": "0.080", "f": 7436234586, "l": 7436234586, "T": 1773525601318, "m": true}}
{"local_ts": 1773525601387, "server_ts": 1773525601318, "data": {"e": "aggTrade", "E": 1773525601321, "a": 3200366107, "s": "BTCUSDT", "p": "70768.70", "q": "0.021", "nq": "0.021", "f": 7436234587, "l": 7436234587, "T": 1773525601318, "m": true}}
{"local_ts": 1773525601387, "server_ts": 1773525601318, "data": {"e": "aggTrade", "E": 1773525601321, "a": 3200366108, "s": "BTCUSDT", "p": "70768.40", "q": "0.002", "nq": "0.002", "f": 7436234588, "l": 7436234588, "T": 1773525601318, "m": true}}
{"local_ts": 1773525601388, "server_ts": 1773525601318, "data": {"e": "aggTrade", "E": 1773525601321, "a": 3200366109, "s": "BTCUSDT", "p": "70768.30", "q": "0.294", "nq": "0.294", "f": 7436234589, "l": 7436234591, "T": 1773525601318, "m": true}}
{"local_ts": 1773525601388, "server_ts": 1773525601318, "data": {"e": "aggTrade", "E": 1773525601321, "a": 3200366110, "s": "BTCUSDT", "p": "70768.20", "q": "0.007", "nq": "0.007", "f": 7436234592, "l": 7436234594, "T": 1773525601318, "m": true}}
{"local_ts": 1773525601389, "server_ts": 1773525601318, "data": {"e": "aggTrade", "E": 1773525601321, "a": 3200366111, "s": "BTCUSDT", "p": "70768.00", "q": "0.082", "nq": "0.082", "f": 7436234595, "l": 7436234596, "T": 1773525601318, "m": true}}
{"local_ts": 1773525601389, "server_ts": 1773525601318, "data": {"e": "aggTrade", "E": 1773525601321, "a": 3200366112, "s": "BTCUSDT", "p": "70767.90", "q": "0.217", "nq": "0.217", "f": 7436234597, "l": 7436234599, "T": 1773525601318, "m": true}}
{"local_ts": 1773525601389, "server_ts": 1773525601318, "data": {"e": "aggTrade", "E": 1773525601321, "a": 3200366113, "s": "BTCUSDT", "p": "70767.80", "q": "0.002", "nq": "0.002", "f": 7436234600, "l": 7436234600, "T": 1773525601318, "m": true}}
{"local_ts": 1773525601390, "server_ts": 1773525601318, "data": {"e": "aggTrade", "E": 1773525601321, "a": 3200366114, "s": "BTCUSDT", "p": "70767.70", "q": "0.003", "nq": "0.003", "f": 7436234601, "l": 7436234602, "T": 1773525601318, "m": true}}
{"local_ts": 1773525601390, "server_ts": 1773525601318, "data": {"e": "aggTrade", "E": 1773525601321, "a": 3200366115, "s": "BTCUSDT", "p": "70767.50", "q": "0.050", "nq": "0.050", "f": 7436234603, "l": 7436234604, "T": 1773525601318, "m": true}}
{"local_ts": 1773525601391, "server_ts": 1773525601318, "data": {"e": "aggTrade", "E": 1773525601321, "a": 3200366116, "s": "BTCUSDT", "p": "70767.40", "q": "0.002", "nq": "0.002", "f": 7436234605, "l": 7436234605, "T": 1773525601318, "m": true}}
{"local_ts": 1773525601391, "server_ts": 1773525601318, "data": {"e": "aggTrade", "E": 1773525601321, "a": 3200366117, "s": "BTCUSDT", "p": "70767.30", "q": "0.005", "nq": "0.005", "f": 7436234606, "l": 7436234607, "T": 1773525601318, "m": true}}
{"local_ts": 1773525601391, "server_ts": 1773525601318, "data": {"e": "aggTrade", "E": 1773525601321, "a": 3200366118, "s": "BTCUSDT", "p": "70767.00", "q": "0.002", "nq": "0.002", "f": 7436234608, "l": 7436234608, "T": 1773525601318, "m": true}}
{"local_ts": 1773525601392, "server_ts": 1773525601318, "data": {"e": "aggTrade", "E": 1773525601321, "a": 3200366119, "s": "BTCUSDT", "p": "70766.90", "q": "0.032", "nq": "0.032", "f": 7436234609, "l": 7436234610, "T": 1773525601318, "m": true}}
{"local_ts": 1773525601392, "server_ts": 1773525601318, "data": {"e": "aggTrade", "E": 1773525601321, "a": 3200366120, "s": "BTCUSDT", "p": "70766.80", "q": "0.002", "nq": "0.002", "f": 7436234611, "l": 7436234611, "T": 1773525601318, "m": true}}
{"local_ts": 1773525601392, "server_ts": 1773525601318, "data": {"e": "aggTrade", "E": 1773525601321, "a": 3200366121, "s": "BTCUSDT", "p": "70766.50", "q": "0.005", "nq": "0.005", "f": 7436234612, "l": 7436234614, "T": 1773525601318, "m": true}}
{"local_ts": 1773525601393, "server_ts": 1773525601318, "data": {"e": "aggTrade", "E": 1773525601321, "a": 3200366122, "s": "BTCUSDT", "p": "70766.10", "q": "0.003", "nq": "0.003", "f": 7436234615, "l": 7436234616, "T": 1773525601318, "m": true}}
{"local_ts": 1773525601393, "server_ts": 1773525601318, "data": {"e": "aggTrade", "E": 1773525601321, "a": 3200366123, "s": "BTCUSDT", "p": "70765.80", "q": "0.001", "nq": "0.001", "f": 7436234617, "l": 7436234617, "T": 1773525601318, "m": true}}
{"local_ts": 1773525601393, "server_ts": 1773525601318, "data": {"e": "aggTrade", "E": 1773525601321, "a": 3200366124, "s": "BTCUSDT", "p": "70765.70", "q": "0.015", "nq": "0.015", "f": 7436234618, "l": 7436234618, "T": 1773525601318, "m": true}}
{"local_ts": 1773525601394, "server_ts": 1773525601318, "data": {"e": "aggTrade", "E": 1773525601321, "a": 3200366125, "s": "BTCUSDT", "p": "70765.50", "q": "0.001", "nq": "0.001", "f": 7436234619, "l": 7436234619, "T": 1773525601318, "m": true}}
{"local_ts": 1773525601394, "server_ts": 1773525601318, "data": {"e": "aggTrade", "E": 1773525601321, "a": 3200366126, "s": "BTCUSDT", "p": "70765.40", "q": "0.006", "nq": "0.006", "f": 7436234620, "l": 7436234622, "T": 1773525601318, "m": true}}
{"local_ts": 1773525601394, "server_ts": 1773525601318, "data": {"e": "aggTrade", "E": 1773525601321, "a": 3200366127, "s": "BTCUSDT", "p": "70765.30", "q": "0.001", "nq": "0.001", "f": 7436234623, "l": 7436234623, "T": 1773525601318, "m": true}}
{"local_ts": 1773525601395, "server_ts": 1773525601318, "data": {"e": "aggTrade", "E": 1773525601321, "a": 3200366128, "s": "BTCUSDT", "p": "70765.20", "q": "0.005", "nq": "0.005", "f": 7436234624, "l": 7436234626, "T": 1773525601318, "m": true}}
{"local_ts": 1773525601395, "server_ts": 1773525601318, "data": {"e": "aggTrade", "E": 1773525601321, "a": 3200366129, "s": "BTCUSDT", "p": "70765.00", "q": "0.005", "nq": "0.005", "f": 7436234627, "l": 7436234627, "T": 1773525601318, "m": true}}
{"local_ts": 1773525601396, "server_ts": 1773525601318, "data": {"e": "aggTrade", "E": 1773525601321, "a": 3200366130, "s": "BTCUSDT", "p": "70764.90", "q": "0.001", "nq": "0.001", "f": 7436234628, "l": 7436234628, "T": 1773525601318, "m": true}}
{"local_ts": 1773525601396, "server_ts": 1773525601318, "data": {"e": "aggTrade", "E": 1773525601321, "a": 3200366131, "s": "BTCUSDT", "p": "70764.80", "q": "0.003", "nq": "0.003", "f": 7436234629, "l": 7436234629, "T": 1773525601318, "m": true}}
{"local_ts": 1773525601396, "server_ts": 1773525601318, "data": {"e": "aggTrade", "E": 1773525601321, "a": 3200366132, "s": "BTCUSDT", "p": "70764.70", "q": "0.040", "nq": "0.040", "f": 7436234630, "l": 7436234630, "T": 1773525601318, "m": true}}
{"local_ts": 1773525601397, "server_ts": 1773525601318, "data": {"e": "aggTrade", "E": 1773525601321, "a": 3200366133, "s": "BTCUSDT", "p": "70764.60", "q": "0.005", "nq": "0.005", "f": 7436234631, "l": 7436234632, "T": 1773525601318, "m": true}}
{"local_ts": 1773525601397, "server_ts": 1773525601318, "data": {"e": "aggTrade", "E": 1773525601321, "a": 3200366134, "s": "BTCUSDT", "p": "70764.50", "q": "0.006", "nq": "0.006", "f": 7436234633, "l": 7436234635, "T": 1773525601318, "m": true}}
{"local_ts": 1773525601397, "server_ts": 1773525601318, "data": {"e": "aggTrade", "E": 1773525601321, "a": 3200366135, "s": "BTCUSDT", "p": "70764.40", "q": "0.002", "nq": "0.002", "f": 7436234636, "l": 7436234636, "T": 1773525601318, "m": true}}
{"local_ts": 1773525601398, "server_ts": 1773525601318, "data": {"e": "aggTrade", "E": 1773525601322, "a": 3200366136, "s": "BTCUSDT", "p": "70764.30", "q": "0.008", "nq": "0.008", "f": 7436234637, "l": 7436234637, "T": 1773525601318, "m": true}}
{"local_ts": 1773525601398, "server_ts": 1773525601318, "data": {"e": "aggTrade", "E": 1773525601322, "a": 3200366137, "s": "BTCUSDT", "p": "70764.20", "q": "0.003", "nq": "0.003", "f": 7436234638, "l": 7436234639, "T": 1773525601318, "m": true}}
{"local_ts": 1773525601399, "server_ts": 1773525601318, "data": {"e": "aggTrade", "E": 1773525601322, "a": 3200366138, "s": "BTCUSDT", "p": "70764.00", "q": "0.003", "nq": "0.003", "f": 7436234640, "l": 7436234640, "T": 1773525601318, "m": true}}
{"local_ts": 1773525601399, "server_ts": 1773525601318, "data": {"e": "aggTrade", "E": 1773525601322, "a": 3200366139, "s": "BTCUSDT", "p": "70763.90", "q": "0.001", "nq": "0.001", "f": 7436234641, "l": 7436234641, "T": 1773525601318, "m": true}}
{"local_ts": 1773525601399, "server_ts": 1773525601318, "data": {"e": "aggTrade", "E": 1773525601322, "a": 3200366140, "s": "BTCUSDT", "p": "70763.80", "q": "0.001", "nq": "0.001", "f": 7436234642, "l": 7436234642, "T": 1773525601318, "m": true}}
{"local_ts": 1773525601400, "server_ts": 1773525601318, "data": {"e": "aggTrade", "E": 1773525601322, "a": 3200366141, "s": "BTCUSDT", "p": "70763.60", "q": "0.025", "nq": "0.025", "f": 7436234643, "l": 7436234644, "T": 1773525601318, "m": true}}
{"local_ts": 1773525601400, "server_ts": 1773525601318, "data": {"e": "aggTrade", "E": 1773525601322, "a": 3200366142, "s": "BTCUSDT", "p": "70763.50", "q": "0.001", "nq": "0.001", "f": 7436234645, "l": 7436234645, "T": 1773525601318, "m": true}}
{"local_ts": 1773525601401, "server_ts": 1773525601318, "data": {"e": "aggTrade", "E": 1773525601322, "a": 3200366143, "s": "BTCUSDT", "p": "70763.40", "q": "0.002", "nq": "0.002", "f": 7436234646, "l": 7436234646, "T": 1773525601318, "m": true}}
{"local_ts": 1773525601401, "server_ts": 1773525601318, "data": {"e": "aggTrade", "E": 1773525601322, "a": 3200366144, "s": "BTCUSDT", "p": "70763.30", "q": "0.002", "nq": "0.002", "f": 7436234647, "l": 7436234647, "T": 1773525601318, "m": true}}
{"local_ts": 1773525601401, "server_ts": 1773525601318, "data": {"e": "aggTrade", "E": 1773525601322, "a": 3200366145, "s": "BTCUSDT", "p": "70763.20", "q": "0.128", "nq": "0.128", "f": 7436234648, "l": 7436234652, "T": 1773525601318, "m": true}}
{"local_ts": 1773525601438, "server_ts": 1773525601318, "data": {"e": "aggTrade", "E": 1773525601385, "a": 3200366146, "s": "BTCUSDT", "p": "70763.10", "q": "1.199", "nq": "1.199", "f": 7436234653, "l": 7436234665, "T": 1773525601318, "m": true}}
{"local_ts": 1773525601439, "server_ts": 1773525601379, "data": {"e": "aggTrade", "E": 1773525601385, "a": 3200366147, "s": "BTCUSDT", "p": "70763.00", "q": "0.007", "nq": "0.007", "f": 7436234666, "l": 7436234668, "T": 1773525601379, "m": true}}
{"local_ts": 1773525601439, "server_ts": 1773525601379, "data": {"e": "aggTrade", "E": 1773525601385, "a": 3200366148, "s": "BTCUSDT", "p": "70762.90", "q": "0.004", "nq": "0.004", "f": 7436234669, "l": 7436234669, "T": 1773525601379, "m": true}}
{"local_ts": 1773525601440, "server_ts": 1773525601379, "data": {"e": "aggTrade", "E": 1773525601385, "a": 3200366149, "s": "BTCUSDT", "p": "70762.80", "q": "0.025", "nq": "0.025", "f": 7436234670, "l": 7436234670, "T": 1773525601379, "m": true}}
{"local_ts": 1773525601445, "server_ts": 1773525601379, "data": {"e": "aggTrade", "E": 1773525601390, "a": 3200366150, "s": "BTCUSDT", "p": "70762.10", "q": "0.001", "nq": "0.001", "f": 7436234671, "l": 7436234671, "T": 1773525601379, "m": true}}
{"local_ts": 1773525601451, "server_ts": 1773525601384, "data": {"e": "aggTrade", "E": 1773525601396, "a": 3200366151, "s": "BTCUSDT", "p": "70762.00", "q": "0.004", "nq": "0.004", "f": 7436234672, "l": 7436234674, "T": 1773525601384, "m": true}}
{"local_ts": 1773525601487, "server_ts": 1773525601388, "data": {"e": "aggTrade", "E": 1773525601432, "a": 3200366152, "s": "BTCUSDT", "p": "70761.90", "q": "0.067", "nq": "0.067", "f": 7436234675, "l": 7436234681, "T": 1773525601388, "m": true}}
{"local_ts": 1773525601489, "server_ts": 1773525601424, "data": {"e": "aggTrade", "E": 1773525601432, "a": 3200366153, "s": "BTCUSDT", "p": "70761.80", "q": "0.002", "nq": "0.002", "f": 7436234682, "l": 7436234682, "T": 1773525601424, "m": true}}
{"local_ts": 1773525601489, "server_ts": 1773525601424, "data": {"e": "aggTrade", "E": 1773525601432, "a": 3200366154, "s": "BTCUSDT", "p": "70761.70", "q": "0.004", "nq": "0.004", "f": 7436234683, "l": 7436234684, "T": 1773525601424, "m": true}}
{"local_ts": 1773525601490, "server_ts": 1773525601424, "data": {"e": "aggTrade", "E": 1773525601432, "a": 3200366155, "s": "BTCUSDT", "p": "70761.60", "q": "0.002", "nq": "0.002", "f": 7436234685, "l": 7436234685, "T": 1773525601424, "m": true}}
{"local_ts": 1773525601490, "server_ts": 1773525601424, "data": {"e": "aggTrade", "E": 1773525601432, "a": 3200366156, "s": "BTCUSDT", "p": "70761.30", "q": "0.001", "nq": "0.001", "f": 7436234686, "l": 7436234686, "T": 1773525601424, "m": true}}
{"local_ts": 1773525601490, "server_ts": 1773525601424, "data": {"e": "aggTrade", "E": 1773525601432, "a": 3200366157, "s": "BTCUSDT", "p": "70761.00", "q": "0.001", "nq": "0.001", "f": 7436234687, "l": 7436234687, "T": 1773525601424, "m": true}}
{"local_ts": 1773525601491, "server_ts": 1773525601424, "data": {"e": "aggTrade", "E": 1773525601432, "a": 3200366158, "s": "BTCUSDT", "p": "70760.70", "q": "0.002", "nq": "0.002", "f": 7436234688, "l": 7436234688, "T": 1773525601424, "m": true}}
{"local_ts": 1773525601491, "server_ts": 1773525601424, "data": {"e": "aggTrade", "E": 1773525601432, "a": 3200366159, "s": "BTCUSDT", "p": "70760.60", "q": "0.003", "nq": "0.003", "f": 7436234689, "l": 7436234690, "T": 1773525601424, "m": true}}
{"local_ts": 1773525601492, "server_ts": 1773525601424, "data": {"e": "aggTrade", "E": 1773525601436, "a": 3200366160, "s": "BTCUSDT", "p": "70760.50", "q": "0.004", "nq": "0.004", "f": 7436234691, "l": 7436234691, "T": 1773525601424, "m": true}}
{"local_ts": 1773525601493, "server_ts": 1773525601427, "data": {"e": "aggTrade", "E": 1773525601436, "a": 3200366161, "s": "BTCUSDT", "p": "70760.40", "q": "0.006", "nq": "0.006", "f": 7436234692, "l": 7436234694, "T": 1773525601427, "m": true}}
{"local_ts": 1773525601498, "server_ts": 1773525601427, "data": {"e": "aggTrade", "E": 1773525601444, "a": 3200366162, "s": "BTCUSDT", "p": "70760.30", "q": "0.005", "nq": "0.005", "f": 7436234695, "l": 7436234696, "T": 1773525601427, "m": true}}
{"local_ts": 1773525601499, "server_ts": 1773525601432, "data": {"e": "aggTrade", "E": 1773525601444, "a": 3200366163, "s": "BTCUSDT", "p": "70760.00", "q": "0.001", "nq": "0.001", "f": 7436234697, "l": 7436234697, "T": 1773525601432, "m": true}}
{"local_ts": 1773525601499, "server_ts": 1773525601432, "data": {"e": "aggTrade", "E": 1773525601444, "a": 3200366164, "s": "BTCUSDT", "p": "70759.80", "q": "0.002", "nq": "0.002", "f": 7436234698, "l": 7436234698, "T": 1773525601432, "m": true}}
{"local_ts": 1773525601500, "server_ts": 1773525601432, "data": {"e": "aggTrade", "E": 1773525601444, "a": 3200366165, "s": "BTCUSDT", "p": "70759.70", "q": "0.002", "nq": "0.002", "f": 7436234699, "l": 7436234699, "T": 1773525601432, "m": true}}
{"local_ts": 1773525601500, "server_ts": 1773525601432, "data": {"e": "aggTrade", "E": 1773525601444, "a": 3200366166, "s": "BTCUSDT", "p": "70759.60", "q": "0.001", "nq": "0.001", "f": 7436234700, "l": 7436234700, "T": 1773525601432, "m": true}}
{"local_ts": 1773525601501, "server_ts": 1773525601432, "data": {"e": "aggTrade", "E": 1773525601445, "a": 3200366167, "s": "BTCUSDT", "p": "70759.50", "q": "0.007", "nq": "0.007", "f": 7436234701, "l": 7436234703, "T": 1773525601432, "m": true}}
{"local_ts": 1773525601501, "server_ts": 1773525601433, "data": {"e": "aggTrade", "E": 1773525601445, "a": 3200366168, "s": "BTCUSDT", "p": "70759.40", "q": "0.055", "nq": "0.055", "f": 7436234704, "l": 7436234709, "T": 1773525601433, "m": true}}
{"local_ts": 1773525601502, "server_ts": 1773525601433, "data": {"e": "aggTrade", "E": 1773525601445, "a": 3200366169, "s": "BTCUSDT", "p": "70759.30", "q": "0.002", "nq": "0.002", "f": 7436234710, "l": 7436234710, "T": 1773525601433, "m": true}}
{"local_ts": 1773525601502, "server_ts": 1773525601433, "data": {"e": "aggTrade", "E": 1773525601445, "a": 3200366170, "s": "BTCUSDT", "p": "70759.00", "q": "0.001", "nq": "0.001", "f": 7436234711, "l": 7436234711, "T": 1773525601433, "m": true}}
{"local_ts": 1773525601502, "server_ts": 1773525601433, "data": {"e": "aggTrade", "E": 1773525601445, "a": 3200366171, "s": "BTCUSDT", "p": "70758.70", "q": "0.001", "nq": "0.001", "f": 7436234712, "l": 7436234712, "T": 1773525601433, "m": true}}
{"local_ts": 1773525601502, "server_ts": 1773525601433, "data": {"e": "aggTrade", "E": 1773525601445, "a": 3200366172, "s": "BTCUSDT", "p": "70758.60", "q": "0.002", "nq": "0.002", "f": 7436234713, "l": 7436234713, "T": 1773525601433, "m": true}}
{"local_ts": 1773525601503, "server_ts": 1773525601433, "data": {"e": "aggTrade", "E": 1773525601445, "a": 3200366173, "s": "BTCUSDT", "p": "70758.40", "q": "0.003", "nq": "0.003", "f": 7436234714, "l": 7436234715, "T": 1773525601433, "m": true}}
{"local_ts": 1773525601503, "server_ts": 1773525601434, "data": {"e": "aggTrade", "E": 1773525601445, "a": 3200366174, "s": "BTCUSDT", "p": "70758.20", "q": "0.002", "nq": "0.002", "f": 7436234716, "l": 7436234716, "T": 1773525601434, "m": true}}
{"local_ts": 1773525601503, "server_ts": 1773525601434, "data": {"e": "aggTrade", "E": 1773525601445, "a": 3200366175, "s": "BTCUSDT", "p": "70758.00", "q": "0.005", "nq": "0.005", "f": 7436234717, "l": 7436234719, "T": 1773525601434, "m": true}}
{"local_ts": 1773525601504, "server_ts": 1773525601434, "data": {"e": "aggTrade", "E": 1773525601445, "a": 3200366176, "s": "BTCUSDT", "p": "70757.90", "q": "0.047", "nq": "0.047", "f": 7436234720, "l": 7436234721, "T": 1773525601434, "m": true}}
{"local_ts": 1773525601504, "server_ts": 1773525601434, "data": {"e": "aggTrade", "E": 1773525601445, "a": 3200366177, "s": "BTCUSDT", "p": "70757.80", "q": "0.004", "nq": "0.004", "f": 7436234722, "l": 7436234722, "T": 1773525601434, "m": true}}
{"local_ts": 1773525601509, "server_ts": 1773525601434, "data": {"e": "aggTrade", "E": 1773525601453, "a": 3200366178, "s": "BTCUSDT", "p": "70757.70", "q": "0.001", "nq": "0.001", "f": 7436234723, "l": 7436234723, "T": 1773525601434, "m": true}}
{"local_ts": 1773525601510, "server_ts": 1773525601438, "data": {"e": "aggTrade", "E": 1773525601453, "a": 3200366179, "s": "BTCUSDT", "p": "70757.30", "q": "0.001", "nq": "0.001", "f": 7436234724, "l": 7436234724, "T": 1773525601438, "m": true}}
{"local_ts": 1773525601511, "server_ts": 1773525601438, "data": {"e": "aggTrade", "E": 1773525601453, "a": 3200366180, "s": "BTCUSDT", "p": "70757.10", "q": "0.005", "nq": "0.005", "f": 7436234725, "l": 7436234727, "T": 1773525601438, "m": true}}
{"local_ts": 1773525601511, "server_ts": 1773525601438, "data": {"e": "aggTrade", "E": 1773525601453, "a": 3200366181, "s": "BTCUSDT", "p": "70757.00", "q": "0.001", "nq": "0.001", "f": 7436234728, "l": 7436234728, "T": 1773525601438, "m": true}}
{"local_ts": 1773525601512, "server_ts": 1773525601438, "data": {"e": "aggTrade", "E": 1773525601454, "a": 3200366182, "s": "BTCUSDT", "p": "70756.60", "q": "0.035", "nq": "0.035", "f": 7436234729, "l": 7436234732, "T": 1773525601438, "m": true}}
{"local_ts": 1773525601512, "server_ts": 1773525601438, "data": {"e": "aggTrade", "E": 1773525601454, "a": 3200366183, "s": "BTCUSDT", "p": "70756.50", "q": "0.047", "nq": "0.047", "f": 7436234733, "l": 7436234734, "T": 1773525601438, "m": true}}
{"local_ts": 1773525601513, "server_ts": 1773525601438, "data": {"e": "aggTrade", "E": 1773525601454, "a": 3200366184, "s": "BTCUSDT", "p": "70756.40", "q": "0.003", "nq": "0.003", "f": 7436234735, "l": 7436234736, "T": 1773525601438, "m": true}}
{"local_ts": 1773525601513, "server_ts": 1773525601438, "data": {"e": "aggTrade", "E": 1773525601454, "a": 3200366185, "s": "BTCUSDT", "p": "70756.20", "q": "0.052", "nq": "0.052", "f": 7436234737, "l": 7436234739, "T": 1773525601438, "m": true}}
{"local_ts": 1773525601514, "server_ts": 1773525601438, "data": {"e": "aggTrade", "E": 1773525601454, "a": 3200366186, "s": "BTCUSDT", "p": "70756.10", "q": "0.001", "nq": "0.001", "f": 7436234740, "l": 7436234740, "T": 1773525601438, "m": true}}
{"local_ts": 1773525601514, "server_ts": 1773525601438, "data": {"e": "aggTrade", "E": 1773525601454, "a": 3200366187, "s": "BTCUSDT", "p": "70756.00", "q": "0.058", "nq": "0.058", "f": 7436234741, "l": 7436234745, "T": 1773525601438, "m": true}}
{"local_ts": 1773525601514, "server_ts": 1773525601438, "data": {"e": "aggTrade", "E": 1773525601454, "a": 3200366188, "s": "BTCUSDT", "p": "70755.90", "q": "0.057", "nq": "0.057", "f": 7436234746, "l": 7436234754, "T": 1773525601438, "m": true}}
{"local_ts": 1773525601515, "server_ts": 1773525601438, "data": {"e": "aggTrade", "E": 1773525601454, "a": 3200366189, "s": "BTCUSDT", "p": "70755.80", "q": "0.094", "nq": "0.094", "f": 7436234755, "l": 7436234757, "T": 1773525601438, "m": true}}
{"local_ts": 1773525601515, "server_ts": 1773525601438, "data": {"e": "aggTrade", "E": 1773525601454, "a": 3200366190, "s": "BTCUSDT", "p": "70755.70", "q": "0.001", "nq": "0.001", "f": 7436234758, "l": 7436234758, "T": 1773525601438, "m": true}}
{"local_ts": 1773525601516, "server_ts": 1773525601438, "data": {"e": "aggTrade", "E": 1773525601454, "a": 3200366191, "s": "BTCUSDT", "p": "70755.60", "q": "0.223", "nq": "0.223", "f": 7436234759, "l": 7436234759, "T": 1773525601438, "m": true}}
{"local_ts": 1773525601516, "server_ts": 1773525601438, "data": {"e": "aggTrade", "E": 1773525601454, "a": 3200366192, "s": "BTCUSDT", "p": "70755.40", "q": "0.069", "nq": "0.069", "f": 7436234760, "l": 7436234761, "T": 1773525601438, "m": true}}
{"local_ts": 1773525601517, "server_ts": 1773525601438, "data": {"e": "aggTrade", "E": 1773525601454, "a": 3200366193, "s": "BTCUSDT", "p": "70755.30", "q": "0.002", "nq": "0.002", "f": 7436234762, "l": 7436234762, "T": 1773525601438, "m": true}}
{"local_ts": 1773525601517, "server_ts": 1773525601438, "data": {"e": "aggTrade", "E": 1773525601454, "a": 3200366194, "s": "BTCUSDT", "p": "70755.10", "q": "0.441", "nq": "0.441", "f": 7436234763, "l": 7436234766, "T": 1773525601438, "m": true}}
{"local_ts": 1773525601518, "server_ts": 1773525601438, "data": {"e": "aggTrade", "E": 1773525601454, "a": 3200366195, "s": "BTCUSDT", "p": "70755.00", "q": "0.005", "nq": "0.005", "f": 7436234767, "l": 7436234768, "T": 1773525601438, "m": true}}
{"local_ts": 1773525601518, "server_ts": 1773525601438, "data": {"e": "aggTrade", "E": 1773525601454, "a": 3200366196, "s": "BTCUSDT", "p": "70754.90", "q": "0.007", "nq": "0.007", "f": 7436234769, "l": 7436234771, "T": 1773525601438, "m": true}}
{"local_ts": 1773525601519, "server_ts": 1773525601438, "data": {"e": "aggTrade", "E": 1773525601454, "a": 3200366197, "s": "BTCUSDT", "p": "70754.70", "q": "0.160", "nq": "0.160", "f": 7436234772, "l": 7436234776, "T": 1773525601438, "m": true}}
{"local_ts": 1773525601519, "server_ts": 1773525601438, "data": {"e": "aggTrade", "E": 1773525601454, "a": 3200366198, "s": "BTCUSDT", "p": "70754.60", "q": "0.024", "nq": "0.024", "f": 7436234777, "l": 7436234777, "T": 1773525601438, "m": true}}
{"local_ts": 1773525601519, "server_ts": 1773525601438, "data": {"e": "aggTrade", "E": 1773525601454, "a": 3200366199, "s": "BTCUSDT", "p": "70754.50", "q": "0.003", "nq": "0.003", "f": 7436234778, "l": 7436234778, "T": 1773525601438, "m": true}}
{"local_ts": 1773525601520, "server_ts": 1773525601438, "data": {"e": "aggTrade", "E": 1773525601454, "a": 3200366200, "s": "BTCUSDT", "p": "70754.40", "q": "0.002", "nq": "0.002", "f": 7436234779, "l": 7436234779, "T": 1773525601438, "m": true}}
{"local_ts": 1773525601520, "server_ts": 1773525601438, "data": {"e": "aggTrade", "E": 1773525601454, "a": 3200366201, "s": "BTCUSDT", "p": "70754.30", "q": "0.036", "nq": "0.036", "f": 7436234780, "l": 7436234780, "T": 1773525601438, "m": true}}
{"local_ts": 1773525601521, "server_ts": 1773525601438, "data": {"e": "aggTrade", "E": 1773525601454, "a": 3200366202, "s": "BTCUSDT", "p": "70754.20", "q": "0.006", "nq": "0.006", "f": 7436234781, "l": 7436234782, "T": 1773525601438, "m": true}}
{"local_ts": 1773525601521, "server_ts": 1773525601438, "data": {"e": "aggTrade", "E": 1773525601454, "a": 3200366203, "s": "BTCUSDT", "p": "70754.10", "q": "0.005", "nq": "0.005", "f": 7436234783, "l": 7436234785, "T": 1773525601438, "m": true}}
{"local_ts": 1773525601522, "server_ts": 1773525601438, "data": {"e": "aggTrade", "E": 1773525601454, "a": 3200366204, "s": "BTCUSDT", "p": "70753.90", "q": "0.047", "nq": "0.047", "f": 7436234786, "l": 7436234789, "T": 1773525601438, "m": true}}
{"local_ts": 1773525601523, "server_ts": 1773525601438, "data": {"e": "aggTrade", "E": 1773525601454, "a": 3200366205, "s": "BTCUSDT", "p": "70753.70", "q": "0.005", "nq": "0.005", "f": 7436234790, "l": 7436234791, "T": 1773525601438, "m": true}}
{"local_ts": 1773525601523, "server_ts": 1773525601438, "data": {"e": "aggTrade", "E": 1773525601454, "a": 3200366206, "s": "BTCUSDT", "p": "70753.60", "q": "0.275", "nq": "0.275", "f": 7436234792, "l": 7436234799, "T": 1773525601438, "m": true}}
{"local_ts": 1773525601523, "server_ts": 1773525601438, "data": {"e": "aggTrade", "E": 1773525601454, "a": 3200366207, "s": "BTCUSDT", "p": "70753.30", "q": "0.074", "nq": "0.074", "f": 7436234800, "l": 7436234802, "T": 1773525601438, "m": true}}
{"local_ts": 1773525601524, "server_ts": 1773525601438, "data": {"e": "aggTrade", "E": 1773525601454, "a": 3200366208, "s": "BTCUSDT", "p": "70753.00", "q": "0.001", "nq": "0.001", "f": 7436234803, "l": 7436234803, "T": 1773525601438, "m": true}}
{"local_ts": 1773525601524, "server_ts": 1773525601438, "data": {"e": "aggTrade", "E": 1773525601454, "a": 3200366209, "s": "BTCUSDT", "p": "70752.80", "q": "0.002", "nq": "0.002", "f": 7436234804, "l": 7436234804, "T": 1773525601438, "m": true}}
{"local_ts": 1773525601524, "server_ts": 1773525601438, "data": {"e": "aggTrade", "E": 1773525601454, "a": 3200366210, "s": "BTCUSDT", "p": "70752.60", "q": "0.004", "nq": "0.004", "f": 7436234805, "l": 7436234806, "T": 1773525601438, "m": true}}
{"local_ts": 1773525601525, "server_ts": 1773525601438, "data": {"e": "aggTrade", "E": 1773525601454, "a": 3200366211, "s": "BTCUSDT", "p": "70752.50", "q": "0.006", "nq": "0.006", "f": 7436234807, "l": 7436234809, "T": 1773525601438, "m": true}}
{"local_ts": 1773525601525, "server_ts": 1773525601438, "data": {"e": "aggTrade", "E": 1773525601454, "a": 3200366212, "s": "BTCUSDT", "p": "70752.30", "q": "0.001", "nq": "0.001", "f": 7436234810, "l": 7436234810, "T": 1773525601438, "m": true}}
{"local_ts": 1773525601525, "server_ts": 1773525601438, "data": {"e": "aggTrade", "E": 1773525601454, "a": 3200366213, "s": "BTCUSDT", "p": "70752.20", "q": "0.004", "nq": "0.004", "f": 7436234811, "l": 7436234812, "T": 1773525601438, "m": true}}
{"local_ts": 1773525601526, "server_ts": 1773525601438, "data": {"e": "aggTrade", "E": 1773525601454, "a": 3200366214, "s": "BTCUSDT", "p": "70752.10", "q": "0.004", "nq": "0.004", "f": 7436234813, "l": 7436234814, "T": 1773525601438, "m": true}}
{"local_ts": 1773525601526, "server_ts": 1773525601438, "data": {"e": "aggTrade", "E": 1773525601454, "a": 3200366215, "s": "BTCUSDT", "p": "70752.00", "q": "0.007", "nq": "0.007", "f": 7436234815, "l": 7436234817, "T": 1773525601438, "m": true}}
{"local_ts": 1773525601526, "server_ts": 1773525601438, "data": {"e": "aggTrade", "E": 1773525601454, "a": 3200366216, "s": "BTCUSDT", "p": "70751.70", "q": "0.005", "nq": "0.005", "f": 7436234818, "l": 7436234819, "T": 1773525601438, "m": true}}
{"local_ts": 1773525601527, "server_ts": 1773525601438, "data": {"e": "aggTrade", "E": 1773525601454, "a": 3200366217, "s": "BTCUSDT", "p": "70751.60", "q": "0.004", "nq": "0.004", "f": 7436234820, "l": 7436234820, "T": 1773525601438, "m": true}}
{"local_ts": 1773525601527, "server_ts": 1773525601438, "data": {"e": "aggTrade", "E": 1773525601454, "a": 3200366218, "s": "BTCUSDT", "p": "70751.50", "q": "0.004", "nq": "0.004", "f": 7436234821, "l": 7436234821, "T": 1773525601438, "m": true}}
{"local_ts": 1773525601527, "server_ts": 1773525601438, "data": {"e": "aggTrade", "E": 1773525601454, "a": 3200366219, "s": "BTCUSDT", "p": "70751.40", "q": "0.003", "nq": "0.003", "f": 7436234822, "l": 7436234823, "T": 1773525601438, "m": true}}
{"local_ts": 1773525601528, "server_ts": 1773525601438, "data": {"e": "aggTrade", "E": 1773525601454, "a": 3200366220, "s": "BTCUSDT", "p": "70751.30", "q": "0.003", "nq": "0.003", "f": 7436234824, "l": 7436234824, "T": 1773525601438, "m": true}}
{"local_ts": 1773525601528, "server_ts": 1773525601438, "data": {"e": "aggTrade", "E": 1773525601454, "a": 3200366221, "s": "BTCUSDT", "p": "70751.20", "q": "0.006", "nq": "0.006", "f": 7436234825, "l": 7436234826, "T": 1773525601438, "m": true}}
{"local_ts": 1773525601529, "server_ts": 1773525601438, "data": {"e": "aggTrade", "E": 1773525601454, "a": 3200366222, "s": "BTCUSDT", "p": "70751.00", "q": "0.002", "nq": "0.002", "f": 7436234827, "l": 7436234827, "T": 1773525601438, "m": true}}
{"local_ts": 1773525601529, "server_ts": 1773525601438, "data": {"e": "aggTrade", "E": 1773525601454, "a": 3200366223, "s": "BTCUSDT", "p": "70750.90", "q": "0.001", "nq": "0.001", "f": 7436234828, "l": 7436234828, "T": 1773525601438, "m": true}}
{"local_ts": 1773525601529, "server_ts": 1773525601438, "data": {"e": "aggTrade", "E": 1773525601454, "a": 3200366224, "s": "BTCUSDT", "p": "70750.80", "q": "0.006", "nq": "0.006", "f": 7436234829, "l": 7436234831, "T": 1773525601438, "m": true}}
{"local_ts": 1773525601530, "server_ts": 1773525601438, "data": {"e": "aggTrade", "E": 1773525601454, "a": 3200366225, "s": "BTCUSDT", "p": "70750.70", "q": "0.004", "nq": "0.004", "f": 7436234832, "l": 7436234832, "T": 1773525601438, "m": true}}
{"local_ts": 1773525601530, "server_ts": 1773525601438, "data": {"e": "aggTrade", "E": 1773525601454, "a": 3200366226, "s": "BTCUSDT", "p": "70750.60", "q": "0.003", "nq": "0.003", "f": 7436234833, "l": 7436234833, "T": 1773525601438, "m": true}}
{"local_ts": 1773525601530, "server_ts": 1773525601438, "data": {"e": "aggTrade", "E": 1773525601454, "a": 3200366227, "s": "BTCUSDT", "p": "70750.50", "q": "0.005", "nq": "0.005", "f": 7436234834, "l": 7436234835, "T": 1773525601438, "m": true}}
{"local_ts": 1773525601531, "server_ts": 1773525601438, "data": {"e": "aggTrade", "E": 1773525601454, "a": 3200366228, "s": "BTCUSDT", "p": "70750.20", "q": "0.214", "nq": "0.214", "f": 7436234836, "l": 7436234837, "T": 1773525601438, "m": true}}
{"local_ts": 1773525601531, "server_ts": 1773525601438, "data": {"e": "aggTrade", "E": 1773525601454, "a": 3200366229, "s": "BTCUSDT", "p": "70750.10", "q": "0.003", "nq": "0.003", "f": 7436234838, "l": 7436234839, "T": 1773525601438, "m": true}}
{"local_ts": 1773525601531, "server_ts": 1773525601438, "data": {"e": "aggTrade", "E": 1773525601454, "a": 3200366230, "s": "BTCUSDT", "p": "70750.00", "q": "0.004", "nq": "0.004", "f": 7436234840, "l": 7436234840, "T": 1773525601438, "m": true}}
{"local_ts": 1773525601532, "server_ts": 1773525601438, "data": {"e": "aggTrade", "E": 1773525601454, "a": 3200366231, "s": "BTCUSDT", "p": "70749.80", "q": "0.012", "nq": "0.012", "f": 7436234841, "l": 7436234843, "T": 1773525601438, "m": true}}
{"local_ts": 1773525601532, "server_ts": 1773525601438, "data": {"e": "aggTrade", "E": 1773525601454, "a": 3200366232, "s": "BTCUSDT", "p": "70749.70", "q": "0.002", "nq": "0.002", "f": 7436234844, "l": 7436234844, "T": 1773525601438, "m": true}}
{"local_ts": 1773525601533, "server_ts": 1773525601438, "data": {"e": "aggTrade", "E": 1773525601455, "a": 3200366233, "s": "BTCUSDT", "p": "70749.60", "q": "0.003", "nq": "0.003", "f": 7436234845, "l": 7436234846, "T": 1773525601438, "m": true}}
{"local_ts": 1773525601533, "server_ts": 1773525601438, "data": {"e": "aggTrade", "E": 1773525601455, "a": 3200366234, "s": "BTCUSDT", "p": "70749.50", "q": "0.003", "nq": "0.003", "f": 7436234847, "l": 7436234847, "T": 1773525601438, "m": true}}
{"local_ts": 1773525601533, "server_ts": 1773525601438, "data": {"e": "aggTrade", "E": 1773525601455, "a": 3200366235, "s": "BTCUSDT", "p": "70749.40", "q": "0.009", "nq": "0.009", "f": 7436234848, "l": 7436234849, "T": 1773525601438, "m": true}}
{"local_ts": 1773525601534, "server_ts": 1773525601438, "data": {"e": "aggTrade", "E": 1773525601455, "a": 3200366236, "s": "BTCUSDT", "p": "70749.30", "q": "0.008", "nq": "0.008", "f": 7436234850, "l": 7436234853, "T": 1773525601438, "m": true}}
{"local_ts": 1773525601534, "server_ts": 1773525601438, "data": {"e": "aggTrade", "E": 1773525601455, "a": 3200366237, "s": "BTCUSDT", "p": "70749.20", "q": "0.015", "nq": "0.015", "f": 7436234854, "l": 7436234854, "T": 1773525601438, "m": true}}
{"local_ts": 1773525601534, "server_ts": 1773525601438, "data": {"e": "aggTrade", "E": 1773525601455, "a": 3200366238, "s": "BTCUSDT", "p": "70749.00", "q": "0.138", "nq": "0.138", "f": 7436234855, "l": 7436234860, "T": 1773525601438, "m": true}}
{"local_ts": 1773525601535, "server_ts": 1773525601438, "data": {"e": "aggTrade", "E": 1773525601455, "a": 3200366239, "s": "BTCUSDT", "p": "70748.90", "q": "0.001", "nq": "0.001", "f": 7436234861, "l": 7436234861, "T": 1773525601438, "m": true}}
{"local_ts": 1773525601535, "server_ts": 1773525601438, "data": {"e": "aggTrade", "E": 1773525601455, "a": 3200366240, "s": "BTCUSDT", "p": "70748.70", "q": "0.002", "nq": "0.002", "f": 7436234862, "l": 7436234862, "T": 1773525601438, "m": true}}
{"local_ts": 1773525601535, "server_ts": 1773525601438, "data": {"e": "aggTrade", "E": 1773525601455, "a": 3200366241, "s": "BTCUSDT", "p": "70748.60", "q": "0.286", "nq": "0.286", "f": 7436234863, "l": 7436234865, "T": 1773525601438, "m": true}}
{"local_ts": 1773525601536, "server_ts": 1773525601438, "data": {"e": "aggTrade", "E": 1773525601455, "a": 3200366242, "s": "BTCUSDT", "p": "70748.50", "q": "0.359", "nq": "0.359", "f": 7436234866, "l": 7436234867, "T": 1773525601438, "m": true}}
{"local_ts": 1773525601536, "server_ts": 1773525601438, "data": {"e": "aggTrade", "E": 1773525601455, "a": 3200366243, "s": "BTCUSDT", "p": "70748.40", "q": "0.007", "nq": "0.007", "f": 7436234868, "l": 7436234870, "T": 1773525601438, "m": true}}
{"local_ts": 1773525601536, "server_ts": 1773525601438, "data": {"e": "aggTrade", "E": 1773525601455, "a": 3200366244, "s": "BTCUSDT", "p": "70748.00", "q": "0.001", "nq": "0.001", "f": 7436234871, "l": 7436234871, "T": 1773525601438, "m": true}}
{"local_ts": 1773525601537, "server_ts": 1773525601438, "data": {"e": "aggTrade", "E": 1773525601455, "a": 3200366245, "s": "BTCUSDT", "p": "70747.90", "q": "0.009", "nq": "0.009", "f": 7436234872, "l": 7436234874, "T": 1773525601438, "m": true}}
{"local_ts": 1773525601537, "server_ts": 1773525601438, "data": {"e": "aggTrade", "E": 1773525601455, "a": 3200366246, "s": "BTCUSDT", "p": "70747.80", "q": "0.171", "nq": "0.171", "f": 7436234875, "l": 7436234877, "T": 1773525601438, "m": true}}
{"local_ts": 1773525601538, "server_ts": 1773525601438, "data": {"e": "aggTrade", "E": 1773525601455, "a": 3200366247, "s": "BTCUSDT", "p": "70747.70", "q": "0.421", "nq": "0.421", "f": 7436234878, "l": 7436234879, "T": 1773525601438, "m": true}}
{"local_ts": 1773525601538, "server_ts": 1773525601438, "data": {"e": "aggTrade", "E": 1773525601455, "a": 3200366248, "s": "BTCUSDT", "p": "70747.60", "q": "0.002", "nq": "0.002", "f": 7436234880, "l": 7436234880, "T": 1773525601438, "m": true}}
{"local_ts": 1773525601538, "server_ts": 1773525601438, "data": {"e": "aggTrade", "E": 1773525601455, "a": 3200366249, "s": "BTCUSDT", "p": "70747.40", "q": "0.002", "nq": "0.002", "f": 7436234881, "l": 7436234881, "T": 1773525601438, "m": true}}
{"local_ts": 1773525601539, "server_ts": 1773525601438, "data": {"e": "aggTrade", "E": 1773525601455, "a": 3200366250, "s": "BTCUSDT", "p": "70747.30", "q": "0.013", "nq": "0.013", "f": 7436234882, "l": 7436234884, "T": 1773525601438, "m": true}}
{"local_ts": 1773525601539, "server_ts": 1773525601438, "data": {"e": "aggTrade", "E": 1773525601455, "a": 3200366251, "s": "BTCUSDT", "p": "70747.20", "q": "0.002", "nq": "0.002", "f": 7436234885, "l": 7436234885, "T": 1773525601438, "m": true}}
{"local_ts": 1773525601540, "server_ts": 1773525601438, "data": {"e": "aggTrade", "E": 1773525601455, "a": 3200366252, "s": "BTCUSDT", "p": "70747.00", "q": "0.004", "nq": "0.004", "f": 7436234886, "l": 7436234886, "T": 1773525601438, "m": true}}
{"local_ts": 1773525601540, "server_ts": 1773525601438, "data": {"e": "aggTrade", "E": 1773525601455, "a": 3200366253, "s": "BTCUSDT", "p": "70746.70", "q": "0.001", "nq": "0.001", "f": 7436234887, "l": 7436234887, "T": 1773525601438, "m": true}}
{"local_ts": 1773525601540, "server_ts": 1773525601438, "data": {"e": "aggTrade", "E": 1773525601455, "a": 3200366254, "s": "BTCUSDT", "p": "70746.60", "q": "0.005", "nq": "0.005", "f": 7436234888, "l": 7436234889, "T": 1773525601438, "m": true}}
{"local_ts": 1773525601541, "server_ts": 1773525601438, "data": {"e": "aggTrade", "E": 1773525601455, "a": 3200366255, "s": "BTCUSDT", "p": "70746.30", "q": "0.085", "nq": "0.085", "f": 7436234890, "l": 7436234890, "T": 1773525601438, "m": true}}
{"local_ts": 1773525601541, "server_ts": 1773525601438, "data": {"e": "aggTrade", "E": 1773525601455, "a": 3200366256, "s": "BTCUSDT", "p": "70746.20", "q": "0.009", "nq": "0.009", "f": 7436234891, "l": 7436234898, "T": 1773525601438, "m": true}}
{"local_ts": 1773525601541, "server_ts": 1773525601438, "data": {"e": "aggTrade", "E": 1773525601455, "a": 3200366257, "s": "BTCUSDT", "p": "70746.10", "q": "0.030", "nq": "0.030", "f": 7436234899, "l": 7436234900, "T": 1773525601438, "m": true}}
{"local_ts": 1773525601542, "server_ts": 1773525601438, "data": {"e": "aggTrade", "E": 1773525601455, "a": 3200366258, "s": "BTCUSDT", "p": "70746.00", "q": "0.020", "nq": "0.020", "f": 7436234901, "l": 7436234913, "T": 1773525601438, "m": true}}
{"local_ts": 1773525601542, "server_ts": 1773525601438, "data": {"e": "aggTrade", "E": 1773525601455, "a": 3200366259, "s": "BTCUSDT", "p": "70745.90", "q": "0.047", "nq": "0.047", "f": 7436234914, "l": 7436234915, "T": 1773525601438, "m": true}}
{"local_ts": 1773525601543, "server_ts": 1773525601438, "data": {"e": "aggTrade", "E": 1773525601455, "a": 3200366260, "s": "BTCUSDT", "p": "70745.80", "q": "0.012", "nq": "0.012", "f": 7436234916, "l": 7436234918, "T": 1773525601438, "m": true}}
{"local_ts": 1773525601543, "server_ts": 1773525601438, "data": {"e": "aggTrade", "E": 1773525601455, "a": 3200366261, "s": "BTCUSDT", "p": "70745.70", "q": "0.005", "nq": "0.005", "f": 7436234919, "l": 7436234920, "T": 1773525601438, "m": true}}
{"local_ts": 1773525601543, "server_ts": 1773525601438, "data": {"e": "aggTrade", "E": 1773525601455, "a": 3200366262, "s": "BTCUSDT", "p": "70745.60", "q": "0.005", "nq": "0.005", "f": 7436234921, "l": 7436234922, "T": 1773525601438, "m": true}}
{"local_ts": 1773525601544, "server_ts": 1773525601438, "data": {"e": "aggTrade", "E": 1773525601455, "a": 3200366263, "s": "BTCUSDT", "p": "70745.50", "q": "0.005", "nq": "0.005", "f": 7436234923, "l": 7436234925, "T": 1773525601438, "m": true}}
{"local_ts": 1773525601544, "server_ts": 1773525601438, "data": {"e": "aggTrade", "E": 1773525601455, "a": 3200366264, "s": "BTCUSDT", "p": "70745.40", "q": "0.471", "nq": "0.471", "f": 7436234926, "l": 7436234931, "T": 1773525601438, "m": true}}
{"local_ts": 1773525601545, "server_ts": 1773525601438, "data": {"e": "aggTrade", "E": 1773525601455, "a": 3200366265, "s": "BTCUSDT", "p": "70745.20", "q": "0.644", "nq": "0.644", "f": 7436234932, "l": 7436234935, "T": 1773525601438, "m": true}}
{"local_ts": 1773525601546, "server_ts": 1773525601438, "data": {"e": "aggTrade", "E": 1773525601461, "a": 3200366266, "s": "BTCUSDT", "p": "70745.10", "q": "0.123", "nq": "0.123", "f": 7436234936, "l": 7436234936, "T": 1773525601438, "m": true}}
{"local_ts": 1773525601546, "server_ts": 1773525601445, "data": {"e": "aggTrade", "E": 1773525601480, "a": 3200366267, "s": "BTCUSDT", "p": "70754.00", "q": "0.019", "nq": "0.019", "f": 7436234937, "l": 7436234940, "T": 1773525601445, "m": true}}
{"local_ts": 1773525601547, "server_ts": 1773525601459, "data": {"e": "aggTrade", "E": 1773525601480, "a": 3200366268, "s": "BTCUSDT", "p": "70753.60", "q": "0.001", "nq": "0.001", "f": 7436234941, "l": 7436234941, "T": 1773525601459, "m": true}}
{"local_ts": 1773525601547, "server_ts": 1773525601459, "data": {"e": "aggTrade", "E": 1773525601480, "a": 3200366269, "s": "BTCUSDT", "p": "70753.30", "q": "0.002", "nq": "0.002", "f": 7436234942, "l": 7436234942, "T": 1773525601459, "m": true}}
{"local_ts": 1773525601548, "server_ts": 1773525601459, "data": {"e": "aggTrade", "E": 1773525601480, "a": 3200366270, "s": "BTCUSDT", "p": "70752.90", "q": "0.001", "nq": "0.001", "f": 7436234943, "l": 7436234943, "T": 1773525601459, "m": true}}
{"local_ts": 1773525601548, "server_ts": 1773525601459, "data": {"e": "aggTrade", "E": 1773525601480, "a": 3200366271, "s": "BTCUSDT", "p": "70752.50", "q": "0.004", "nq": "0.004", "f": 7436234944, "l": 7436234945, "T": 1773525601459, "m": true}}
{"local_ts": 1773525601549, "server_ts": 1773525601459, "data": {"e": "aggTrade", "E": 1773525601480, "a": 3200366272, "s": "BTCUSDT", "p": "70752.20", "q": "0.001", "nq": "0.001", "f": 7436234946, "l": 7436234946, "T": 1773525601459, "m": true}}
{"local_ts": 1773525601552, "server_ts": 1773525601459, "data": {"e": "aggTrade", "E": 1773525601488, "a": 3200366273, "s": "BTCUSDT", "p": "70751.80", "q": "0.041", "nq": "0.041", "f": 7436234947, "l": 7436234952, "T": 1773525601459, "m": true}}
{"local_ts": 1773525601566, "server_ts": 1773525601467, "data": {"e": "aggTrade", "E": 1773525601508, "a": 3200366274, "s": "BTCUSDT", "p": "70751.50", "q": "0.042", "nq": "0.042", "f": 7436234953, "l": 7436234960, "T": 1773525601467, "m": true}}
{"local_ts": 1773525601567, "server_ts": 1773525601500, "data": {"e": "aggTrade", "E": 1773525601508, "a": 3200366275, "s": "BTCUSDT", "p": "70751.10", "q": "0.003", "nq": "0.003", "f": 7436234961, "l": 7436234961, "T": 1773525601500, "m": true}}
{"local_ts": 1773525601568, "server_ts": 1773525601500, "data": {"e": "aggTrade", "E": 1773525601508, "a": 3200366276, "s": "BTCUSDT", "p": "70751.00", "q": "0.003", "nq": "0.003", "f": 7436234962, "l": 7436234962, "T": 1773525601500, "m": true}}
{"local_ts": 1773525601568, "server_ts": 1773525601500, "data": {"e": "aggTrade", "E": 1773525601508, "a": 3200366277, "s": "BTCUSDT", "p": "70750.80", "q": "0.001", "nq": "0.001", "f": 7436234963, "l": 7436234963, "T": 1773525601500, "m": true}}
{"local_ts": 1773525601569, "server_ts": 1773525601500, "data": {"e": "aggTrade", "E": 1773525601508, "a": 3200366278, "s": "BTCUSDT", "p": "70750.70", "q": "0.002", "nq": "0.002", "f": 7436234964, "l": 7436234964, "T": 1773525601500, "m": true}}
{"local_ts": 1773525601569, "server_ts": 1773525601500, "data": {"e": "aggTrade", "E": 1773525601508, "a": 3200366279, "s": "BTCUSDT", "p": "70750.40", "q": "0.002", "nq": "0.002", "f": 7436234965, "l": 7436234965, "T": 1773525601500, "m": true}}
{"local_ts": 1773525601570, "server_ts": 1773525601500, "data": {"e": "aggTrade", "E": 1773525601508, "a": 3200366280, "s": "BTCUSDT", "p": "70750.10", "q": "0.001", "nq": "0.001", "f": 7436234966, "l": 7436234966, "T": 1773525601500, "m": true}}
{"local_ts": 1773525601570, "server_ts": 1773525601500, "data": {"e": "aggTrade", "E": 1773525601508, "a": 3200366281, "s": "BTCUSDT", "p": "70750.00", "q": "0.004", "nq": "0.004", "f": 7436234967, "l": 7436234967, "T": 1773525601500, "m": true}}
{"local_ts": 1773525601570, "server_ts": 1773525601500, "data": {"e": "aggTrade", "E": 1773525601508, "a": 3200366282, "s": "BTCUSDT", "p": "70749.60", "q": "0.002", "nq": "0.002", "f": 7436234968, "l": 7436234968, "T": 1773525601500, "m": true}}
{"local_ts": 1773525601571, "server_ts": 1773525601500, "data": {"e": "aggTrade", "E": 1773525601509, "a": 3200366283, "s": "BTCUSDT", "p": "70749.40", "q": "0.001", "nq": "0.001", "f": 7436234969, "l": 7436234969, "T": 1773525601500, "m": true}}
{"local_ts": 1773525601571, "server_ts": 1773525601502, "data": {"e": "aggTrade", "E": 1773525601509, "a": 3200366284, "s": "BTCUSDT", "p": "70749.00", "q": "0.006", "nq": "0.006", "f": 7436234970, "l": 7436234972, "T": 1773525601502, "m": true}}
{"local_ts": 1773525601572, "server_ts": 1773525601502, "data": {"e": "aggTrade", "E": 1773525601509, "a": 3200366285, "s": "BTCUSDT", "p": "70748.60", "q": "0.001", "nq": "0.001", "f": 7436234973, "l": 7436234973, "T": 1773525601502, "m": true}}
{"local_ts": 1773525601572, "server_ts": 1773525601502, "data": {"e": "aggTrade", "E": 1773525601509, "a": 3200366286, "s": "BTCUSDT", "p": "70748.50", "q": "0.010", "nq": "0.010", "f": 7436234974, "l": 7436234975, "T": 1773525601502, "m": true}}
{"local_ts": 1773525601573, "server_ts": 1773525601502, "data": {"e": "aggTrade", "E": 1773525601509, "a": 3200366287, "s": "BTCUSDT", "p": "70748.30", "q": "0.002", "nq": "0.002", "f": 7436234976, "l": 7436234976, "T": 1773525601502, "m": true}}
{"local_ts": 1773525601573, "server_ts": 1773525601502, "data": {"e": "aggTrade", "E": 1773525601509, "a": 3200366288, "s": "BTCUSDT", "p": "70748.10", "q": "0.002", "nq": "0.002", "f": 7436234977, "l": 7436234977, "T": 1773525601502, "m": true}}
{"local_ts": 1773525601573, "server_ts": 1773525601502, "data": {"e": "aggTrade", "E": 1773525601509, "a": 3200366289, "s": "BTCUSDT", "p": "70747.90", "q": "0.285", "nq": "0.285", "f": 7436234978, "l": 7436234980, "T": 1773525601502, "m": true}}
{"local_ts": 1773525601574, "server_ts": 1773525601502, "data": {"e": "aggTrade", "E": 1773525601509, "a": 3200366290, "s": "BTCUSDT", "p": "70747.40", "q": "0.002", "nq": "0.002", "f": 7436234981, "l": 7436234981, "T": 1773525601502, "m": true}}
{"local_ts": 1773525601574, "server_ts": 1773525601502, "data": {"e": "aggTrade", "E": 1773525601509, "a": 3200366291, "s": "BTCUSDT", "p": "70747.20", "q": "0.003", "nq": "0.003", "f": 7436234982, "l": 7436234983, "T": 1773525601502, "m": true}}
{"local_ts": 1773525601574, "server_ts": 1773525601502, "data": {"e": "aggTrade", "E": 1773525601509, "a": 3200366292, "s": "BTCUSDT", "p": "70746.50", "q": "0.003", "nq": "0.003", "f": 7436234984, "l": 7436234985, "T": 1773525601502, "m": true}}
{"local_ts": 1773525601575, "server_ts": 1773525601502, "data": {"e": "aggTrade", "E": 1773525601509, "a": 3200366293, "s": "BTCUSDT", "p": "70746.30", "q": "0.002", "nq": "0.002", "f": 7436234986, "l": 7436234986, "T": 1773525601502, "m": true}}
{"local_ts": 1773525601575, "server_ts": 1773525601502, "data": {"e": "aggTrade", "E": 1773525601509, "a": 3200366294, "s": "BTCUSDT", "p": "70746.20", "q": "0.002", "nq": "0.002", "f": 7436234987, "l": 7436234987, "T": 1773525601502, "m": true}}
{"local_ts": 1773525601576, "server_ts": 1773525601502, "data": {"e": "aggTrade", "E": 1773525601509, "a": 3200366295, "s": "BTCUSDT", "p": "70745.80", "q": "0.001", "nq": "0.001", "f": 7436234988, "l": 7436234988, "T": 1773525601502, "m": true}}
{"local_ts": 1773525601576, "server_ts": 1773525601502, "data": {"e": "aggTrade", "E": 1773525601509, "a": 3200366296, "s": "BTCUSDT", "p": "70745.70", "q": "0.003", "nq": "0.003", "f": 7436234989, "l": 7436234989, "T": 1773525601502, "m": true}}
{"local_ts": 1773525601577, "server_ts": 1773525601502, "data": {"e": "aggTrade", "E": 1773525601509, "a": 3200366297, "s": "BTCUSDT", "p": "70745.50", "q": "0.004", "nq": "0.004", "f": 7436234990, "l": 7436234991, "T": 1773525601502, "m": true}}
{"local_ts": 1773525601578, "server_ts": 1773525601502, "data": {"e": "aggTrade", "E": 1773525601514, "a": 3200366298, "s": "BTCUSDT", "p": "70745.30", "q": "0.011", "nq": "0.011", "f": 7436234992, "l": 7436234992, "T": 1773525601502, "m": true}}
{"local_ts": 1773525601578, "server_ts": 1773525601506, "data": {"e": "aggTrade", "E": 1773525601517, "a": 3200366299, "s": "BTCUSDT", "p": "70745.20", "q": "0.007", "nq": "0.007", "f": 7436234993, "l": 7436234994, "T": 1773525601506, "m": true}}
{"local_ts": 1773525601578, "server_ts": 1773525601507, "data": {"e": "aggTrade", "E": 1773525601517, "a": 3200366300, "s": "BTCUSDT", "p": "70745.10", "q": "0.001", "nq": "0.001", "f": 7436234995, "l": 7436234995, "T": 1773525601507, "m": true}}
{"local_ts": 1773525601579, "server_ts": 1773525601507, "data": {"e": "aggTrade", "E": 1773525601517, "a": 3200366301, "s": "BTCUSDT", "p": "70745.00", "q": "0.004", "nq": "0.004", "f": 7436234996, "l": 7436234996, "T": 1773525601507, "m": true}}
{"local_ts": 1773525601652, "server_ts": 1773525601507, "data": {"e": "aggTrade", "E": 1773525601594, "a": 3200366302, "s": "BTCUSDT", "p": "70744.90", "q": "0.213", "nq": "0.213", "f": 7436234997, "l": 7436235006, "T": 1773525601507, "m": true}}
{"local_ts": 1773525601655, "server_ts": 1773525601589, "data": {"e": "aggTrade", "E": 1773525601595, "a": 3200366303, "s": "BTCUSDT", "p": "70744.70", "q": "0.007", "nq": "0.007", "f": 7436235007, "l": 7436235009, "T": 1773525601589, "m": true}}
{"local_ts": 1773525601656, "server_ts": 1773525601589, "data": {"e": "aggTrade", "E": 1773525601595, "a": 3200366304, "s": "BTCUSDT", "p": "70744.60", "q": "0.005", "nq": "0.005", "f": 7436235010, "l": 7436235011, "T": 1773525601589, "m": true}}
{"local_ts": 1773525601657, "server_ts": 1773525601589, "data": {"e": "aggTrade", "E": 1773525601595, "a": 3200366305, "s": "BTCUSDT", "p": "70744.40", "q": "0.004", "nq": "0.004", "f": 7436235012, "l": 7436235012, "T": 1773525601589, "m": true}}
{"local_ts": 1773525601657, "server_ts": 1773525601589, "data": {"e": "aggTrade", "E": 1773525601595, "a": 3200366306, "s": "BTCUSDT", "p": "70744.30", "q": "0.004", "nq": "0.004", "f": 7436235013, "l": 7436235013, "T": 1773525601589, "m": true}}
{"local_ts": 1773525601658, "server_ts": 1773525601589, "data": {"e": "aggTrade", "E": 1773525601595, "a": 3200366307, "s": "BTCUSDT", "p": "70744.10", "q": "0.002", "nq": "0.002", "f": 7436235014, "l": 7436235014, "T": 1773525601589, "m": true}}
{"local_ts": 1773525601658, "server_ts": 1773525601589, "data": {"e": "aggTrade", "E": 1773525601595, "a": 3200366308, "s": "BTCUSDT", "p": "70744.00", "q": "0.001", "nq": "0.001", "f": 7436235015, "l": 7436235015, "T": 1773525601589, "m": true}}
{"local_ts": 1773525601659, "server_ts": 1773525601589, "data": {"e": "aggTrade", "E": 1773525601595, "a": 3200366309, "s": "BTCUSDT", "p": "70743.90", "q": "0.015", "nq": "0.015", "f": 7436235016, "l": 7436235016, "T": 1773525601589, "m": true}}
{"local_ts": 1773525601659, "server_ts": 1773525601589, "data": {"e": "aggTrade", "E": 1773525601595, "a": 3200366310, "s": "BTCUSDT", "p": "70743.60", "q": "0.006", "nq": "0.006", "f": 7436235017, "l": 7436235018, "T": 1773525601589, "m": true}}
{"local_ts": 1773525601660, "server_ts": 1773525601589, "data": {"e": "aggTrade", "E": 1773525601595, "a": 3200366311, "s": "BTCUSDT", "p": "70743.50", "q": "0.001", "nq": "0.001", "f": 7436235019, "l": 7436235019, "T": 1773525601589, "m": true}}
{"local_ts": 1773525601660, "server_ts": 1773525601589, "data": {"e": "aggTrade", "E": 1773525601595, "a": 3200366312, "s": "BTCUSDT", "p": "70743.10", "q": "0.002", "nq": "0.002", "f": 7436235020, "l": 7436235020, "T": 1773525601589, "m": true}}
{"local_ts": 1773525601661, "server_ts": 1773525601590, "data": {"e": "aggTrade", "E": 1773525601595, "a": 3200366313, "s": "BTCUSDT", "p": "70743.00", "q": "0.001", "nq": "0.001", "f": 7436235021, "l": 7436235021, "T": 1773525601590, "m": true}}
{"local_ts": 1773525601661, "server_ts": 1773525601590, "data": {"e": "aggTrade", "E": 1773525601595, "a": 3200366314, "s": "BTCUSDT", "p": "70742.90", "q": "0.004", "nq": "0.004", "f": 7436235022, "l": 7436235023, "T": 1773525601590, "m": true}}
{"local_ts": 1773525601661, "server_ts": 1773525601590, "data": {"e": "aggTrade", "E": 1773525601595, "a": 3200366315, "s": "BTCUSDT", "p": "70742.80", "q": "0.004", "nq": "0.004", "f": 7436235024, "l": 7436235024, "T": 1773525601590, "m": true}}
{"local_ts": 1773525601662, "server_ts": 1773525601590, "data": {"e": "aggTrade", "E": 1773525601595, "a": 3200366316, "s": "BTCUSDT", "p": "70742.50", "q": "0.002", "nq": "0.002", "f": 7436235025, "l": 7436235025, "T": 1773525601590, "m": true}}
{"local_ts": 1773525601662, "server_ts": 1773525601590, "data": {"e": "aggTrade", "E": 1773525601595, "a": 3200366317, "s": "BTCUSDT", "p": "70742.40", "q": "0.002", "nq": "0.002", "f": 7436235026, "l": 7436235026, "T": 1773525601590, "m": true}}
{"local_ts": 1773525601662, "server_ts": 1773525601590, "data": {"e": "aggTrade", "E": 1773525601595, "a": 3200366318, "s": "BTCUSDT", "p": "70742.30", "q": "0.285", "nq": "0.285", "f": 7436235027, "l": 7436235029, "T": 1773525601590, "m": true}}
{"local_ts": 1773525601663, "server_ts": 1773525601590, "data": {"e": "aggTrade", "E": 1773525601595, "a": 3200366319, "s": "BTCUSDT", "p": "70742.00", "q": "0.008", "nq": "0.008", "f": 7436235030, "l": 7436235032, "T": 1773525601590, "m": true}}
{"local_ts": 1773525601663, "server_ts": 1773525601590, "data": {"e": "aggTrade", "E": 1773525601595, "a": 3200366320, "s": "BTCUSDT", "p": "70741.90", "q": "0.002", "nq": "0.002", "f": 7436235033, "l": 7436235033, "T": 1773525601590, "m": true}}
{"local_ts": 1773525601663, "server_ts": 1773525601590, "data": {"e": "aggTrade", "E": 1773525601595, "a": 3200366321, "s": "BTCUSDT", "p": "70741.80", "q": "0.004", "nq": "0.004", "f": 7436235034, "l": 7436235035, "T": 1773525601590, "m": true}}
{"local_ts": 1773525601663, "server_ts": 1773525601590, "data": {"e": "aggTrade", "E": 1773525601595, "a": 3200366322, "s": "BTCUSDT", "p": "70741.70", "q": "0.026", "nq": "0.026", "f": 7436235036, "l": 7436235039, "T": 1773525601590, "m": true}}
{"local_ts": 1773525601664, "server_ts": 1773525601590, "data": {"e": "aggTrade", "E": 1773525601595, "a": 3200366323, "s": "BTCUSDT", "p": "70741.60", "q": "0.003", "nq": "0.003", "f": 7436235040, "l": 7436235041, "T": 1773525601590, "m": true}}
{"local_ts": 1773525601664, "server_ts": 1773525601591, "data": {"e": "aggTrade", "E": 1773525601595, "a": 3200366324, "s": "BTCUSDT", "p": "70741.30", "q": "0.002", "nq": "0.002", "f": 7436235042, "l": 7436235042, "T": 1773525601591, "m": true}}
{"local_ts": 1773525601664, "server_ts": 1773525601591, "data": {"e": "aggTrade", "E": 1773525601595, "a": 3200366325, "s": "BTCUSDT", "p": "70741.20", "q": "0.001", "nq": "0.001", "f": 7436235043, "l": 7436235043, "T": 1773525601591, "m": true}}
{"local_ts": 1773525601665, "server_ts": 1773525601591, "data": {"e": "aggTrade", "E": 1773525601595, "a": 3200366326, "s": "BTCUSDT", "p": "70741.10", "q": "0.004", "nq": "0.004", "f": 7436235044, "l": 7436235044, "T": 1773525601591, "m": true}}
{"local_ts": 1773525601665, "server_ts": 1773525601591, "data": {"e": "aggTrade", "E": 1773525601595, "a": 3200366327, "s": "BTCUSDT", "p": "70741.00", "q": "0.005", "nq": "0.005", "f": 7436235045, "l": 7436235046, "T": 1773525601591, "m": true}}
{"local_ts": 1773525601665, "server_ts": 1773525601591, "data": {"e": "aggTrade", "E": 1773525601595, "a": 3200366328, "s": "BTCUSDT", "p": "70740.90", "q": "0.286", "nq": "0.286", "f": 7436235047, "l": 7436235049, "T": 1773525601591, "m": true}}
{"local_ts": 1773525601666, "server_ts": 1773525601591, "data": {"e": "aggTrade", "E": 1773525601595, "a": 3200366329, "s": "BTCUSDT", "p": "70740.80", "q": "0.002", "nq": "0.002", "f": 7436235050, "l": 7436235050, "T": 1773525601591, "m": true}}
{"local_ts": 1773525601666, "server_ts": 1773525601591, "data": {"e": "aggTrade", "E": 1773525601595, "a": 3200366330, "s": "BTCUSDT", "p": "70740.70", "q": "0.019", "nq": "0.019", "f": 7436235051, "l": 7436235052, "T": 1773525601591, "m": true}}
{"local_ts": 1773525601666, "server_ts": 1773525601591, "data": {"e": "aggTrade", "E": 1773525601595, "a": 3200366331, "s": "BTCUSDT", "p": "70740.60", "q": "0.001", "nq": "0.001", "f": 7436235053, "l": 7436235053, "T": 1773525601591, "m": true}}
{"local_ts": 1773525601666, "server_ts": 1773525601591, "data": {"e": "aggTrade", "E": 1773525601595, "a": 3200366332, "s": "BTCUSDT", "p": "70740.30", "q": "0.004", "nq": "0.004", "f": 7436235054, "l": 7436235054, "T": 1773525601591, "m": true}}
{"local_ts": 1773525601667, "server_ts": 1773525601591, "data": {"e": "aggTrade", "E": 1773525601595, "a": 3200366333, "s": "BTCUSDT", "p": "70740.10", "q": "0.004", "nq": "0.004", "f": 7436235055, "l": 7436235055, "T": 1773525601591, "m": true}}
{"local_ts": 1773525601667, "server_ts": 1773525601591, "data": {"e": "aggTrade", "E": 1773525601595, "a": 3200366334, "s": "BTCUSDT", "p": "70740.00", "q": "0.014", "nq": "0.014", "f": 7436235056, "l": 7436235060, "T": 1773525601591, "m": true}}
{"local_ts": 1773525601667, "server_ts": 1773525601591, "data": {"e": "aggTrade", "E": 1773525601595, "a": 3200366335, "s": "BTCUSDT", "p": "70739.90", "q": "0.003", "nq": "0.003", "f": 7436235061, "l": 7436235062, "T": 1773525601591, "m": true}}
{"local_ts": 1773525601668, "server_ts": 1773525601591, "data": {"e": "aggTrade", "E": 1773525601595, "a": 3200366336, "s": "BTCUSDT", "p": "70739.70", "q": "0.002", "nq": "0.002", "f": 7436235063, "l": 7436235063, "T": 1773525601591, "m": true}}
{"local_ts": 1773525601668, "server_ts": 1773525601591, "data": {"e": "aggTrade", "E": 1773525601595, "a": 3200366337, "s": "BTCUSDT", "p": "70739.60", "q": "0.004", "nq": "0.004", "f": 7436235064, "l": 7436235064, "T": 1773525601591, "m": true}}
{"local_ts": 1773525601668, "server_ts": 1773525601591, "data": {"e": "aggTrade", "E": 1773525601595, "a": 3200366338, "s": "BTCUSDT", "p": "70739.20", "q": "0.002", "nq": "0.002", "f": 7436235065, "l": 7436235065, "T": 1773525601591, "m": true}}
{"local_ts": 1773525601669, "server_ts": 1773525601591, "data": {"e": "aggTrade", "E": 1773525601595, "a": 3200366339, "s": "BTCUSDT", "p": "70739.10", "q": "0.003", "nq": "0.003", "f": 7436235066, "l": 7436235067, "T": 1773525601591, "m": true}}
{"local_ts": 1773525601669, "server_ts": 1773525601591, "data": {"e": "aggTrade", "E": 1773525601597, "a": 3200366340, "s": "BTCUSDT", "p": "70738.80", "q": "0.002", "nq": "0.002", "f": 7436235068, "l": 7436235068, "T": 1773525601591, "m": true}}
{"local_ts": 1773525601670, "server_ts": 1773525601592, "data": {"e": "aggTrade", "E": 1773525601597, "a": 3200366341, "s": "BTCUSDT", "p": "70738.60", "q": "0.002", "nq": "0.002", "f": 7436235069, "l": 7436235069, "T": 1773525601592, "m": true}}
{"local_ts": 1773525601670, "server_ts": 1773525601592, "data": {"e": "aggTrade", "E": 1773525601597, "a": 3200366342, "s": "BTCUSDT", "p": "70738.50", "q": "0.006", "nq": "0.006", "f": 7436235070, "l": 7436235072, "T": 1773525601592, "m": true}}
{"local_ts": 1773525601671, "server_ts": 1773525601593, "data": {"e": "aggTrade", "E": 1773525601598, "a": 3200366343, "s": "BTCUSDT", "p": "70738.40", "q": "0.032", "nq": "0.032", "f": 7436235073, "l": 7436235075, "T": 1773525601593, "m": true}}
{"local_ts": 1773525601671, "server_ts": 1773525601593, "data": {"e": "aggTrade", "E": 1773525601598, "a": 3200366344, "s": "BTCUSDT", "p": "70738.30", "q": "0.002", "nq": "0.002", "f": 7436235076, "l": 7436235076, "T": 1773525601593, "m": true}}
{"local_ts": 1773525601672, "server_ts": 1773525601593, "data": {"e": "aggTrade", "E": 1773525601598, "a": 3200366345, "s": "BTCUSDT", "p": "70738.20", "q": "0.002", "nq": "0.002", "f": 7436235077, "l": 7436235077, "T": 1773525601593, "m": true}}
{"local_ts": 1773525601672, "server_ts": 1773525601593, "data": {"e": "aggTrade", "E": 1773525601598, "a": 3200366346, "s": "BTCUSDT", "p": "70738.10", "q": "0.002", "nq": "0.002", "f": 7436235078, "l": 7436235078, "T": 1773525601593, "m": true}}
{"local_ts": 1773525601672, "server_ts": 1773525601593, "data": {"e": "aggTrade", "E": 1773525601598, "a": 3200366347, "s": "BTCUSDT", "p": "70737.90", "q": "0.005", "nq": "0.005", "f": 7436235079, "l": 7436235080, "T": 1773525601593, "m": true}}
{"local_ts": 1773525601675, "server_ts": 1773525601593, "data": {"e": "aggTrade", "E": 1773525601598, "a": 3200366348, "s": "BTCUSDT", "p": "70737.80", "q": "0.003", "nq": "0.003", "f": 7436235081, "l": 7436235081, "T": 1773525601593, "m": true}}
{"local_ts": 1773525601675, "server_ts": 1773525601593, "data": {"e": "aggTrade", "E": 1773525601598, "a": 3200366349, "s": "BTCUSDT", "p": "70737.70", "q": "0.002", "nq": "0.002", "f": 7436235082, "l": 7436235082, "T": 1773525601593, "m": true}}
{"local_ts": 1773525601676, "server_ts": 1773525601593, "data": {"e": "aggTrade", "E": 1773525601598, "a": 3200366350, "s": "BTCUSDT", "p": "70737.50", "q": "0.011", "nq": "0.011", "f": 7436235083, "l": 7436235083, "T": 1773525601593, "m": true}}
{"local_ts": 1773525601676, "server_ts": 1773525601593, "data": {"e": "aggTrade", "E": 1773525601599, "a": 3200366351, "s": "BTCUSDT", "p": "70737.40", "q": "0.001", "nq": "0.001", "f": 7436235084, "l": 7436235084, "T": 1773525601593, "m": true}}
{"local_ts": 1773525601677, "server_ts": 1773525601594, "data": {"e": "aggTrade", "E": 1773525601599, "a": 3200366352, "s": "BTCUSDT", "p": "70737.30", "q": "0.001", "nq": "0.001", "f": 7436235085, "l": 7436235085, "T": 1773525601594, "m": true}}
{"local_ts": 1773525601677, "server_ts": 1773525601594, "data": {"e": "aggTrade", "E": 1773525601599, "a": 3200366353, "s": "BTCUSDT", "p": "70737.20", "q": "0.299", "nq": "0.299", "f": 7436235086, "l": 7436235089, "T": 1773525601594, "m": true}}
{"local_ts": 1773525601677, "server_ts": 1773525601594, "data": {"e": "aggTrade", "E": 1773525601599, "a": 3200366354, "s": "BTCUSDT", "p": "70737.00", "q": "0.002", "nq": "0.002", "f": 7436235090, "l": 7436235090, "T": 1773525601594, "m": true}}
{"local_ts": 1773525601678, "server_ts": 1773525601594, "data": {"e": "aggTrade", "E": 1773525601599, "a": 3200366355, "s": "BTCUSDT", "p": "70736.80", "q": "0.003", "nq": "0.003", "f": 7436235091, "l": 7436235092, "T": 1773525601594, "m": true}}
{"local_ts": 1773525601678, "server_ts": 1773525601594, "data": {"e": "aggTrade", "E": 1773525601599, "a": 3200366356, "s": "BTCUSDT", "p": "70736.70", "q": "0.002", "nq": "0.002", "f": 7436235093, "l": 7436235093, "T": 1773525601594, "m": true}}
{"local_ts": 1773525601679, "server_ts": 1773525601594, "data": {"e": "aggTrade", "E": 1773525601600, "a": 3200366357, "s": "BTCUSDT", "p": "70736.60", "q": "0.002", "nq": "0.002", "f": 7436235094, "l": 7436235094, "T": 1773525601594, "m": true}}
{"local_ts": 1773525601679, "server_ts": 1773525601595, "data": {"e": "aggTrade", "E": 1773525601600, "a": 3200366358, "s": "BTCUSDT", "p": "70736.40", "q": "0.002", "nq": "0.002", "f": 7436235095, "l": 7436235095, "T": 1773525601595, "m": true}}
{"local_ts": 1773525601680, "server_ts": 1773525601595, "data": {"e": "aggTrade", "E": 1773525601600, "a": 3200366359, "s": "BTCUSDT", "p": "70736.30", "q": "0.002", "nq": "0.002", "f": 7436235096, "l": 7436235096, "T": 1773525601595, "m": true}}
{"local_ts": 1773525601803, "server_ts": 1773525601595, "data": {"e": "aggTrade", "E": 1773525601751, "a": 3200366360, "s": "BTCUSDT", "p": "70736.10", "q": "0.142", "nq": "0.142", "f": 7436235097, "l": 7436235097, "T": 1773525601595, "m": true}}
{"local_ts": 1773525602084, "server_ts": 1773525601975, "data": {"e": "aggTrade", "E": 1773525602033, "a": 3200366361, "s": "BTCUSDT", "p": "70736.10", "q": "0.018", "nq": "0.018", "f": 7436235098, "l": 7436235101, "T": 1773525601975, "m": true}}
{"local_ts": 1773525602088, "server_ts": 1773525602029, "data": {"e": "aggTrade", "E": 1773525602033, "a": 3200366362, "s": "BTCUSDT", "p": "70736.00", "q": "0.004", "nq": "0.004", "f": 7436235102, "l": 7436235103, "T": 1773525602029, "m": true}}
{"local_ts": 1773525602088, "server_ts": 1773525602029, "data": {"e": "aggTrade", "E": 1773525602033, "a": 3200366363, "s": "BTCUSDT", "p": "70735.90", "q": "0.003", "nq": "0.003", "f": 7436235104, "l": 7436235105, "T": 1773525602029, "m": true}}
{"local_ts": 1773525602089, "server_ts": 1773525602029, "data": {"e": "aggTrade", "E": 1773525602033, "a": 3200366364, "s": "BTCUSDT", "p": "70735.70", "q": "0.002", "nq": "0.002", "f": 7436235106, "l": 7436235106, "T": 1773525602029, "m": true}}
{"local_ts": 1773525602089, "server_ts": 1773525602029, "data": {"e": "aggTrade", "E": 1773525602033, "a": 3200366365, "s": "BTCUSDT", "p": "70735.60", "q": "0.002", "nq": "0.002", "f": 7436235107, "l": 7436235107, "T": 1773525602029, "m": true}}
{"local_ts": 1773525602090, "server_ts": 1773525602029, "data": {"e": "aggTrade", "E": 1773525602033, "a": 3200366366, "s": "BTCUSDT", "p": "70735.40", "q": "0.004", "nq": "0.004", "f": 7436235108, "l": 7436235109, "T": 1773525602029, "m": true}}
{"local_ts": 1773525602090, "server_ts": 1773525602029, "data": {"e": "aggTrade", "E": 1773525602033, "a": 3200366367, "s": "BTCUSDT", "p": "70735.20", "q": "0.003", "nq": "0.003", "f": 7436235110, "l": 7436235111, "T": 1773525602029, "m": true}}
{"local_ts": 1773525602090, "server_ts": 1773525602030, "data": {"e": "aggTrade", "E": 1773525602033, "a": 3200366368, "s": "BTCUSDT", "p": "70735.00", "q": "0.004", "nq": "0.004", "f": 7436235112, "l": 7436235113, "T": 1773525602030, "m": true}}
{"local_ts": 1773525602091, "server_ts": 1773525602030, "data": {"e": "aggTrade", "E": 1773525602033, "a": 3200366369, "s": "BTCUSDT", "p": "70734.70", "q": "0.002", "nq": "0.002", "f": 7436235114, "l": 7436235114, "T": 1773525602030, "m": true}}
{"local_ts": 1773525602091, "server_ts": 1773525602030, "data": {"e": "aggTrade", "E": 1773525602033, "a": 3200366370, "s": "BTCUSDT", "p": "70734.60", "q": "0.003", "nq": "0.003", "f": 7436235115, "l": 7436235116, "T": 1773525602030, "m": true}}
{"local_ts": 1773525602092, "server_ts": 1773525602030, "data": {"e": "aggTrade", "E": 1773525602037, "a": 3200366371, "s": "BTCUSDT", "p": "70734.20", "q": "0.003", "nq": "0.003", "f": 7436235117, "l": 7436235117, "T": 1773525602030, "m": true}}
{"local_ts": 1773525602240, "server_ts": 1773525602034, "data": {"e": "aggTrade", "E": 1773525602188, "a": 3200366372, "s": "BTCUSDT", "p": "70734.20", "q": "0.149", "nq": "0.149", "f": 7436235118, "l": 7436235118, "T": 1773525602034, "m": false}}
{"local_ts": 1773525602450, "server_ts": 1773525602237, "data": {"e": "aggTrade", "E": 1773525602392, "a": 3200366373, "s": "BTCUSDT", "p": "70734.20", "q": "0.010", "nq": "0.010", "f": 7436235119, "l": 7436235120, "T": 1773525602237, "m": false}}
{"local_ts": 1773525603753, "server_ts": 1773525603578, "data": {"e": "aggTrade", "E": 1773525603701, "a": 3200366374, "s": "BTCUSDT", "p": "70734.20", "q": "0.002", "nq": "0.002", "f": 7436235121, "l": 7436235121, "T": 1773525603578, "m": false}}
{"local_ts": 1773525603919, "server_ts": 1773525603698, "data": {"e": "aggTrade", "E": 1773525603852, "a": 3200366375, "s": "BTCUSDT", "p": "70734.10", "q": "0.002", "nq": "0.002", "f": 7436235122, "l": 7436235122, "T": 1773525603698, "m": true}}
{"local_ts": 1773525604551, "server_ts": 1773525604345, "data": {"e": "aggTrade", "E": 1773525604498, "a": 3200366376, "s": "BTCUSDT", "p": "70734.20", "q": "0.002", "nq": "0.002", "f": 7436235123, "l": 7436235123, "T": 1773525604345, "m": false}}
{"local_ts": 1773525604772, "server_ts": 1773525604567, "data": {"e": "aggTrade", "E": 1773525604719, "a": 3200366377, "s": "BTCUSDT", "p": "70734.10", "q": "0.008", "nq": "0.008", "f": 7436235124, "l": 7436235124, "T": 1773525604567, "m": true}}
{"local_ts": 1773525605350, "server_ts": 1773525605141, "data": {"e": "aggTrade", "E": 1773525605296, "a": 3200366378, "s": "BTCUSDT", "p": "70734.20", "q": "0.002", "nq": "0.002", "f": 7436235125, "l": 7436235125, "T": 1773525605141, "m": false}}
{"local_ts": 1773525605621, "server_ts": 1773525605414, "data": {"e": "aggTrade", "E": 1773525605568, "a": 3200366379, "s": "BTCUSDT", "p": "70734.20", "q": "0.008", "nq": "0.008", "f": 7436235126, "l": 7436235126, "T": 1773525605414, "m": false}}
{"local_ts": 1773525605936, "server_ts": 1773525605721, "data": {"e": "aggTrade", "E": 1773525605873, "a": 3200366380, "s": "BTCUSDT", "p": "70734.10", "q": "0.004", "nq": "0.004", "f": 7436235127, "l": 7436235127, "T": 1773525605721, "m": true}}
{"local_ts": 1773525606303, "server_ts": 1773525606097, "data": {"e": "aggTrade", "E": 1773525606250, "a": 3200366381, "s": "BTCUSDT", "p": "70734.20", "q": "0.007", "nq": "0.007", "f": 7436235128, "l": 7436235128, "T": 1773525606097, "m": false}}
{"local_ts": 1773525606796, "server_ts": 1773525606609, "data": {"e": "aggTrade", "E": 1773525606743, "a": 3200366382, "s": "BTCUSDT", "p": "70734.10", "q": "0.040", "nq": "0.040", "f": 7436235129, "l": 7436235129, "T": 1773525606609, "m": true}}
{"local_ts": 1773525606947, "server_ts": 1773525606740, "data": {"e": "aggTrade", "E": 1773525606894, "a": 3200366383, "s": "BTCUSDT", "p": "70734.20", "q": "0.002", "nq": "0.002", "f": 7436235130, "l": 7436235130, "T": 1773525606740, "m": false}}
{"local_ts": 1773525607245, "server_ts": 1773525607034, "data": {"e": "aggTrade", "E": 1773525607187, "a": 3200366384, "s": "BTCUSDT", "p": "70734.20", "q": "0.008", "nq": "0.008", "f": 7436235131, "l": 7436235131, "T": 1773525607034, "m": false}}
{"local_ts": 1773525607739, "server_ts": 1773525607555, "data": {"e": "aggTrade", "E": 1773525607686, "a": 3200366385, "s": "BTCUSDT", "p": "70734.10", "q": "0.002", "nq": "0.002", "f": 7436235132, "l": 7436235132, "T": 1773525607555, "m": true}}
{"local_ts": 1773525607889, "server_ts": 1773525607685, "data": {"e": "aggTrade", "E": 1773525607837, "a": 3200366386, "s": "BTCUSDT", "p": "70734.20", "q": "0.018", "nq": "0.018", "f": 7436235133, "l": 7436235134, "T": 1773525607685, "m": false}}
{"local_ts": 1773525608937, "server_ts": 1773525608814, "data": {"e": "aggTrade", "E": 1773525608884, "a": 3200366387, "s": "BTCUSDT", "p": "70734.20", "q": "0.008", "nq": "0.008", "f": 7436235135, "l": 7436235135, "T": 1773525608814, "m": false}}
{"local_ts": 1773525609089, "server_ts": 1773525608883, "data": {"e": "aggTrade", "E": 1773525609035, "a": 3200366388, "s": "BTCUSDT", "p": "70734.10", "q": "0.004", "nq": "0.004", "f": 7436235136, "l": 7436235136, "T": 1773525608883, "m": true}}
{"local_ts": 1773525609361, "server_ts": 1773525609153, "data": {"e": "aggTrade", "E": 1773525609307, "a": 3200366389, "s": "BTCUSDT", "p": "70734.20", "q": "0.002", "nq": "0.002", "f": 7436235137, "l": 7436235137, "T": 1773525609153, "m": false}}
{"local_ts": 1773525610159, "server_ts": 1773525609954, "data": {"e": "aggTrade", "E": 1773525610106, "a": 3200366390, "s": "BTCUSDT", "p": "70734.20", "q": "0.002", "nq": "0.002", "f": 7436235138, "l": 7436235138, "T": 1773525609954, "m": false}}
{"local_ts": 1773525610401, "server_ts": 1773525610195, "data": {"e": "aggTrade", "E": 1773525610348, "a": 3200366391, "s": "BTCUSDT", "p": "70734.10", "q": "0.001", "nq": "0.001", "f": 7436235139, "l": 7436235139, "T": 1773525610195, "m": true}}
{"local_ts": 1773525611179, "server_ts": 1773525610974, "data": {"e": "aggTrade", "E": 1773525611127, "a": 3200366392, "s": "BTCUSDT", "p": "70734.10", "q": "0.022", "nq": "0.022", "f": 7436235140, "l": 7436235140, "T": 1773525610974, "m": true}}
{"local_ts": 1773525612705, "server_ts": 1773525612489, "data": {"e": "aggTrade", "E": 1773525612643, "a": 3200366393, "s": "BTCUSDT", "p": "70734.10", "q": "0.020", "nq": "0.020", "f": 7436235141, "l": 7436235141, "T": 1773525612489, "m": true}}
{"local_ts": 1773525613212, "server_ts": 1773525613005, "data": {"e": "aggTrade", "E": 1773525613158, "a": 3200366394, "s": "BTCUSDT", "p": "70734.10", "q": "0.008", "nq": "0.008", "f": 7436235142, "l": 7436235142, "T": 1773525613005, "m": true}}
{"local_ts": 1773525613563, "server_ts": 1773525613355, "data": {"e": "aggTrade", "E": 1773525613509, "a": 3200366395, "s": "BTCUSDT", "p": "70734.10", "q": "2.302", "nq": "2.302", "f": 7436235143, "l": 7436235166, "T": 1773525613355, "m": true}}
{"local_ts": 1773525613684, "server_ts": 1773525613508, "data": {"e": "aggTrade", "E": 1773525613632, "a": 3200366396, "s": "BTCUSDT", "p": "70734.10", "q": "0.018", "nq": "0.018", "f": 7436235167, "l": 7436235167, "T": 1773525613508, "m": false}}
{"local_ts": 1773525613840, "server_ts": 1773525613630, "data": {"e": "aggTrade", "E": 1773525613783, "a": 3200366397, "s": "BTCUSDT", "p": "70734.00", "q": "0.003", "nq": "0.003", "f": 7436235168, "l": 7436235169, "T": 1773525613630, "m": true}}
{"local_ts": 1773525615755, "server_ts": 1773525615548, "data": {"e": "aggTrade", "E": 1773525615701, "a": 3200366398, "s": "BTCUSDT", "p": "70734.00", "q": "0.018", "nq": "0.018", "f": 7436235170, "l": 7436235174, "T": 1773525615548, "m": true}}
{"local_ts": 1773525617439, "server_ts": 1773525617233, "data": {"e": "aggTrade", "E": 1773525617385, "a": 3200366399, "s": "BTCUSDT", "p": "70734.10", "q": "0.003", "nq": "0.003", "f": 7436235175, "l": 7436235175, "T": 1773525617233, "m": false}}
{"local_ts": 1773525617885, "server_ts": 1773525617708, "data": {"e": "aggTrade", "E": 1773525617830, "a": 3200366400, "s": "BTCUSDT", "p": "70734.00", "q": "0.012", "nq": "0.012", "f": 7436235176, "l": 7436235176, "T": 1773525617708, "m": true}}
{"local_ts": 1773525618034, "server_ts": 1773525617829, "data": {"e": "aggTrade", "E": 1773525617981, "a": 3200366401, "s": "BTCUSDT", "p": "70734.00", "q": "0.066", "nq": "0.066", "f": 7436235177, "l": 7436235178, "T": 1773525617829, "m": true}}
{"local_ts": 1773525618384, "server_ts": 1773525618173, "data": {"e": "aggTrade", "E": 1773525618325, "a": 3200366402, "s": "BTCUSDT", "p": "70734.00", "q": "0.018", "nq": "0.018", "f": 7436235179, "l": 7436235179, "T": 1773525618173, "m": true}}
{"local_ts": 1773525618692, "server_ts": 1773525618484, "data": {"e": "aggTrade", "E": 1773525618636, "a": 3200366403, "s": "BTCUSDT", "p": "70734.10", "q": "0.040", "nq": "0.040", "f": 7436235180, "l": 7436235181, "T": 1773525618484, "m": false}}
{"local_ts": 1773525619209, "server_ts": 1773525619036, "data": {"e": "aggTrade", "E": 1773525619154, "a": 3200366404, "s": "BTCUSDT", "p": "70734.00", "q": "0.005", "nq": "0.005", "f": 7436235182, "l": 7436235182, "T": 1773525619036, "m": true}}
{"local_ts": 1773525619357, "server_ts": 1773525619153, "data": {"e": "aggTrade", "E": 1773525619305, "a": 3200366405, "s": "BTCUSDT", "p": "70734.00", "q": "0.640", "nq": "0.640", "f": 7436235183, "l": 7436235185, "T": 1773525619153, "m": true}}
{"local_ts": 1773525620607, "server_ts": 1773525620401, "data": {"e": "aggTrade", "E": 1773525620554, "a": 3200366406, "s": "BTCUSDT", "p": "70734.00", "q": "0.011", "nq": "0.011", "f": 7436235186, "l": 7436235186, "T": 1773525620401, "m": true}}
{"local_ts": 1773525621164, "server_ts": 1773525620958, "data": {"e": "aggTrade", "E": 1773525621111, "a": 3200366407, "s": "BTCUSDT", "p": "70734.00", "q": "0.217", "nq": "0.217", "f": 7436235187, "l": 7436235191, "T": 1773525620958, "m": true}}
{"local_ts": 1773525621468, "server_ts": 1773525621264, "data": {"e": "aggTrade", "E": 1773525621416, "a": 3200366408, "s": "BTCUSDT", "p": "70734.00", "q": "0.037", "nq": "0.037", "f": 7436235192, "l": 7436235192, "T": 1773525621264, "m": true}}
{"local_ts": 1773525621531, "server_ts": 1773525621468, "data": {"e": "aggTrade", "E": 1773525621477, "a": 3200366409, "s": "BTCUSDT", "p": "70734.00", "q": "1.629", "nq": "1.629", "f": 7436235193, "l": 7436235210, "T": 1773525621468, "m": true}}
{"local_ts": 1773525621532, "server_ts": 1773525621472, "data": {"e": "aggTrade", "E": 1773525621477, "a": 3200366410, "s": "BTCUSDT", "p": "70733.90", "q": "0.004", "nq": "0.004", "f": 7436235211, "l": 7436235212, "T": 1773525621472, "m": true}}
{"local_ts": 1773525621532, "server_ts": 1773525621472, "data": {"e": "aggTrade", "E": 1773525621477, "a": 3200366411, "s": "BTCUSDT", "p": "70733.80", "q": "0.002", "nq": "0.002", "f": 7436235213, "l": 7436235213, "T": 1773525621472, "m": true}}
{"local_ts": 1773525621533, "server_ts": 1773525621472, "data": {"e": "aggTrade", "E": 1773525621477, "a": 3200366412, "s": "BTCUSDT", "p": "70733.70", "q": "0.002", "nq": "0.002", "f": 7436235214, "l": 7436235214, "T": 1773525621472, "m": true}}
{"local_ts": 1773525621533, "server_ts": 1773525621472, "data": {"e": "aggTrade", "E": 1773525621477, "a": 3200366413, "s": "BTCUSDT", "p": "70733.60", "q": "0.004", "nq": "0.004", "f": 7436235215, "l": 7436235215, "T": 1773525621472, "m": true}}
{"local_ts": 1773525621533, "server_ts": 1773525621472, "data": {"e": "aggTrade", "E": 1773525621477, "a": 3200366414, "s": "BTCUSDT", "p": "70733.40", "q": "0.002", "nq": "0.002", "f": 7436235216, "l": 7436235216, "T": 1773525621472, "m": true}}
{"local_ts": 1773525621534, "server_ts": 1773525621472, "data": {"e": "aggTrade", "E": 1773525621477, "a": 3200366415, "s": "BTCUSDT", "p": "70733.20", "q": "0.001", "nq": "0.001", "f": 7436235217, "l": 7436235217, "T": 1773525621472, "m": true}}
{"local_ts": 1773525621535, "server_ts": 1773525621472, "data": {"e": "aggTrade", "E": 1773525621480, "a": 3200366416, "s": "BTCUSDT", "p": "70732.80", "q": "0.006", "nq": "0.006", "f": 7436235218, "l": 7436235222, "T": 1773525621472, "m": true}}
{"local_ts": 1773525621535, "server_ts": 1773525621475, "data": {"e": "aggTrade", "E": 1773525621480, "a": 3200366417, "s": "BTCUSDT", "p": "70732.70", "q": "0.003", "nq": "0.003", "f": 7436235223, "l": 7436235224, "T": 1773525621475, "m": true}}
{"local_ts": 1773525621536, "server_ts": 1773525621475, "data": {"e": "aggTrade", "E": 1773525621480, "a": 3200366418, "s": "BTCUSDT", "p": "70732.40", "q": "0.002", "nq": "0.002", "f": 7436235225, "l": 7436235225, "T": 1773525621475, "m": true}}
{"local_ts": 1773525621536, "server_ts": 1773525621475, "data": {"e": "aggTrade", "E": 1773525621480, "a": 3200366419, "s": "BTCUSDT", "p": "70732.10", "q": "0.003", "nq": "0.003", "f": 7436235226, "l": 7436235227, "T": 1773525621475, "m": true}}
{"local_ts": 1773525621536, "server_ts": 1773525621475, "data": {"e": "aggTrade", "E": 1773525621480, "a": 3200366420, "s": "BTCUSDT", "p": "70731.70", "q": "0.003", "nq": "0.003", "f": 7436235228, "l": 7436235229, "T": 1773525621475, "m": true}}
{"local_ts": 1773525621537, "server_ts": 1773525621475, "data": {"e": "aggTrade", "E": 1773525621480, "a": 3200366421, "s": "BTCUSDT", "p": "70731.50", "q": "0.004", "nq": "0.004", "f": 7436235230, "l": 7436235231, "T": 1773525621475, "m": true}}
{"local_ts": 1773525621537, "server_ts": 1773525621475, "data": {"e": "aggTrade", "E": 1773525621480, "a": 3200366422, "s": "BTCUSDT", "p": "70731.40", "q": "0.002", "nq": "0.002", "f": 7436235232, "l": 7436235232, "T": 1773525621475, "m": true}}
{"local_ts": 1773525621538, "server_ts": 1773525621475, "data": {"e": "aggTrade", "E": 1773525621485, "a": 3200366423, "s": "BTCUSDT", "p": "70731.30", "q": "0.001", "nq": "0.001", "f": 7436235233, "l": 7436235233, "T": 1773525621475, "m": true}}
{"local_ts": 1773525621539, "server_ts": 1773525621478, "data": {"e": "aggTrade", "E": 1773525621485, "a": 3200366424, "s": "BTCUSDT", "p": "70731.20", "q": "0.004", "nq": "0.004", "f": 7436235234, "l": 7436235236, "T": 1773525621478, "m": true}}
{"local_ts": 1773525621539, "server_ts": 1773525621480, "data": {"e": "aggTrade", "E": 1773525621485, "a": 3200366425, "s": "BTCUSDT", "p": "70731.10", "q": "0.015", "nq": "0.015", "f": 7436235237, "l": 7436235240, "T": 1773525621480, "m": true}}
{"local_ts": 1773525621540, "server_ts": 1773525621480, "data": {"e": "aggTrade", "E": 1773525621486, "a": 3200366426, "s": "BTCUSDT", "p": "70731.00", "q": "0.005", "nq": "0.005", "f": 7436235241, "l": 7436235243, "T": 1773525621480, "m": true}}
{"local_ts": 1773525621541, "server_ts": 1773525621481, "data": {"e": "aggTrade", "E": 1773525621486, "a": 3200366427, "s": "BTCUSDT", "p": "70730.90", "q": "0.002", "nq": "0.002", "f": 7436235244, "l": 7436235244, "T": 1773525621481, "m": true}}
{"local_ts": 1773525621541, "server_ts": 1773525621481, "data": {"e": "aggTrade", "E": 1773525621488, "a": 3200366428, "s": "BTCUSDT", "p": "70730.80", "q": "0.004", "nq": "0.004", "f": 7436235245, "l": 7436235247, "T": 1773525621481, "m": true}}
{"local_ts": 1773525621541, "server_ts": 1773525621482, "data": {"e": "aggTrade", "E": 1773525621488, "a": 3200366429, "s": "BTCUSDT", "p": "70730.70", "q": "0.002", "nq": "0.002", "f": 7436235248, "l": 7436235248, "T": 1773525621482, "m": true}}
{"local_ts": 1773525621595, "server_ts": 1773525621482, "data": {"e": "aggTrade", "E": 1773525621532, "a": 3200366430, "s": "BTCUSDT", "p": "70730.50", "q": "0.001", "nq": "0.001", "f": 7436235249, "l": 7436235249, "T": 1773525621482, "m": true}}
{"local_ts": 1773525621596, "server_ts": 1773525621529, "data": {"e": "aggTrade", "E": 1773525621535, "a": 3200366431, "s": "BTCUSDT", "p": "70730.30", "q": "0.585", "nq": "0.585", "f": 7436235250, "l": 7436235255, "T": 1773525621529, "m": true}}
{"local_ts": 1773525621597, "server_ts": 1773525621531, "data": {"e": "aggTrade", "E": 1773525621535, "a": 3200366432, "s": "BTCUSDT", "p": "70730.20", "q": "0.006", "nq": "0.006", "f": 7436235256, "l": 7436235258, "T": 1773525621531, "m": true}}
{"local_ts": 1773525621597, "server_ts": 1773525621531, "data": {"e": "aggTrade", "E": 1773525621535, "a": 3200366433, "s": "BTCUSDT", "p": "70730.10", "q": "0.001", "nq": "0.001", "f": 7436235259, "l": 7436235259, "T": 1773525621531, "m": true}}
{"local_ts": 1773525621597, "server_ts": 1773525621531, "data": {"e": "aggTrade", "E": 1773525621535, "a": 3200366434, "s": "BTCUSDT", "p": "70730.00", "q": "0.005", "nq": "0.005", "f": 7436235260, "l": 7436235261, "T": 1773525621531, "m": true}}
{"local_ts": 1773525621598, "server_ts": 1773525621531, "data": {"e": "aggTrade", "E": 1773525621535, "a": 3200366435, "s": "BTCUSDT", "p": "70729.90", "q": "0.003", "nq": "0.003", "f": 7436235262, "l": 7436235262, "T": 1773525621531, "m": true}}
{"local_ts": 1773525621598, "server_ts": 1773525621531, "data": {"e": "aggTrade", "E": 1773525621535, "a": 3200366436, "s": "BTCUSDT", "p": "70729.80", "q": "0.001", "nq": "0.001", "f": 7436235263, "l": 7436235263, "T": 1773525621531, "m": true}}
{"local_ts": 1773525621599, "server_ts": 1773525621531, "data": {"e": "aggTrade", "E": 1773525621535, "a": 3200366437, "s": "BTCUSDT", "p": "70729.60", "q": "0.002", "nq": "0.002", "f": 7436235264, "l": 7436235264, "T": 1773525621531, "m": true}}
{"local_ts": 1773525621599, "server_ts": 1773525621531, "data": {"e": "aggTrade", "E": 1773525621535, "a": 3200366438, "s": "BTCUSDT", "p": "70729.50", "q": "0.002", "nq": "0.002", "f": 7436235265, "l": 7436235265, "T": 1773525621531, "m": true}}
{"local_ts": 1773525621599, "server_ts": 1773525621531, "data": {"e": "aggTrade", "E": 1773525621537, "a": 3200366439, "s": "BTCUSDT", "p": "70729.30", "q": "0.003", "nq": "0.003", "f": 7436235266, "l": 7436235267, "T": 1773525621531, "m": true}}
{"local_ts": 1773525621742, "server_ts": 1773525621533, "data": {"e": "aggTrade", "E": 1773525621688, "a": 3200366440, "s": "BTCUSDT", "p": "70729.20", "q": "0.047", "nq": "0.047", "f": 7436235268, "l": 7436235271, "T": 1773525621533, "m": true}}
{"local_ts": 1773525622452, "server_ts": 1773525622245, "data": {"e": "aggTrade", "E": 1773525622398, "a": 3200366441, "s": "BTCUSDT", "p": "70729.30", "q": "0.002", "nq": "0.002", "f": 7436235272, "l": 7436235272, "T": 1773525622245, "m": false}}
{"local_ts": 1773525623353, "server_ts": 1773525623149, "data": {"e": "aggTrade", "E": 1773525623301, "a": 3200366442, "s": "BTCUSDT", "p": "70729.30", "q": "0.031", "nq": "0.031", "f": 7436235273, "l": 7436235273, "T": 1773525623149, "m": false}}
{"local_ts": 1773525623745, "server_ts": 1773525623538, "data": {"e": "aggTrade", "E": 1773525623691, "a": 3200366443, "s": "BTCUSDT", "p": "70729.20", "q": "0.022", "nq": "0.022", "f": 7436235274, "l": 7436235274, "T": 1773525623538, "m": true}}
{"local_ts": 1773525623825, "server_ts": 1773525623704, "data": {"e": "aggTrade", "E": 1773525623762, "a": 3200366444, "s": "BTCUSDT", "p": "70729.20", "q": "1.340", "nq": "1.340", "f": 7436235275, "l": 7436235282, "T": 1773525623704, "m": true}}
{"local_ts": 1773525623825, "server_ts": 1773525623757, "data": {"e": "aggTrade", "E": 1773525623762, "a": 3200366445, "s": "BTCUSDT", "p": "70729.10", "q": "0.009", "nq": "0.009", "f": 7436235283, "l": 7436235285, "T": 1773525623757, "m": true}}
{"local_ts": 1773525623826, "server_ts": 1773525623757, "data": {"e": "aggTrade", "E": 1773525623762, "a": 3200366446, "s": "BTCUSDT", "p": "70728.90", "q": "0.002", "nq": "0.002", "f": 7436235286, "l": 7436235286, "T": 1773525623757, "m": true}}
{"local_ts": 1773525623826, "server_ts": 1773525623757, "data": {"e": "aggTrade", "E": 1773525623762, "a": 3200366447, "s": "BTCUSDT", "p": "70728.80", "q": "0.002", "nq": "0.002", "f": 7436235287, "l": 7436235287, "T": 1773525623757, "m": true}}
{"local_ts": 1773525623826, "server_ts": 1773525623757, "data": {"e": "aggTrade", "E": 1773525623762, "a": 3200366448, "s": "BTCUSDT", "p": "70728.70", "q": "0.002", "nq": "0.002", "f": 7436235288, "l": 7436235288, "T": 1773525623757, "m": true}}
{"local_ts": 1773525623827, "server_ts": 1773525623757, "data": {"e": "aggTrade", "E": 1773525623762, "a": 3200366449, "s": "BTCUSDT", "p": "70728.50", "q": "0.002", "nq": "0.002", "f": 7436235289, "l": 7436235289, "T": 1773525623757, "m": true}}
{"local_ts": 1773525623827, "server_ts": 1773525623757, "data": {"e": "aggTrade", "E": 1773525623762, "a": 3200366450, "s": "BTCUSDT", "p": "70728.10", "q": "0.002", "nq": "0.002", "f": 7436235290, "l": 7436235290, "T": 1773525623757, "m": true}}
{"local_ts": 1773525623828, "server_ts": 1773525623757, "data": {"e": "aggTrade", "E": 1773525623762, "a": 3200366451, "s": "BTCUSDT", "p": "70728.00", "q": "0.007", "nq": "0.007", "f": 7436235291, "l": 7436235294, "T": 1773525623757, "m": true}}
{"local_ts": 1773525623828, "server_ts": 1773525623758, "data": {"e": "aggTrade", "E": 1773525623764, "a": 3200366452, "s": "BTCUSDT", "p": "70727.90", "q": "0.002", "nq": "0.002", "f": 7436235295, "l": 7436235295, "T": 1773525623758, "m": true}}
{"local_ts": 1773525623833, "server_ts": 1773525623760, "data": {"e": "aggTrade", "E": 1773525623781, "a": 3200366453, "s": "BTCUSDT", "p": "70727.80", "q": "0.015", "nq": "0.015", "f": 7436235296, "l": 7436235299, "T": 1773525623760, "m": true}}
{"local_ts": 1773525623834, "server_ts": 1773525623779, "data": {"e": "aggTrade", "E": 1773525623781, "a": 3200366454, "s": "BTCUSDT", "p": "70727.70", "q": "0.002", "nq": "0.002", "f": 7436235300, "l": 7436235300, "T": 1773525623779, "m": true}}
{"local_ts": 1773525624002, "server_ts": 1773525623779, "data": {"e": "aggTrade", "E": 1773525623932, "a": 3200366455, "s": "BTCUSDT", "p": "70727.60", "q": "0.013", "nq": "0.013", "f": 7436235301, "l": 7436235302, "T": 1773525623779, "m": true}}
{"local_ts": 1773525624285, "server_ts": 1773525624230, "data": {"e": "aggTrade", "E": 1773525624232, "a": 3200366456, "s": "BTCUSDT", "p": "70727.60", "q": "0.066", "nq": "0.066", "f": 7436235303, "l": 7436235307, "T": 1773525624230, "m": true}}
{"local_ts": 1773525624286, "server_ts": 1773525624230, "data": {"e": "aggTrade", "E": 1773525624232, "a": 3200366457, "s": "BTCUSDT", "p": "70727.50", "q": "0.004", "nq": "0.004", "f": 7436235308, "l": 7436235309, "T": 1773525624230, "m": true}}
{"local_ts": 1773525624286, "server_ts": 1773525624230, "data": {"e": "aggTrade", "E": 1773525624232, "a": 3200366458, "s": "BTCUSDT", "p": "70727.40", "q": "0.020", "nq": "0.020", "f": 7436235310, "l": 7436235313, "T": 1773525624230, "m": true}}
{"local_ts": 1773525624287, "server_ts": 1773525624230, "data": {"e": "aggTrade", "E": 1773525624234, "a": 3200366459, "s": "BTCUSDT", "p": "70727.30", "q": "0.002", "nq": "0.002", "f": 7436235314, "l": 7436235314, "T": 1773525624230, "m": true}}
{"local_ts": 1773525624287, "server_ts": 1773525624232, "data": {"e": "aggTrade", "E": 1773525624234, "a": 3200366460, "s": "BTCUSDT", "p": "70726.70", "q": "0.002", "nq": "0.002", "f": 7436235315, "l": 7436235315, "T": 1773525624232, "m": true}}
{"local_ts": 1773525624288, "server_ts": 1773525624232, "data": {"e": "aggTrade", "E": 1773525624234, "a": 3200366461, "s": "BTCUSDT", "p": "70726.50", "q": "0.003", "nq": "0.003", "f": 7436235316, "l": 7436235317, "T": 1773525624232, "m": true}}
{"local_ts": 1773525624288, "server_ts": 1773525624232, "data": {"e": "aggTrade", "E": 1773525624234, "a": 3200366462, "s": "BTCUSDT", "p": "70726.20", "q": "0.002", "nq": "0.002", "f": 7436235318, "l": 7436235318, "T": 1773525624232, "m": true}}
{"local_ts": 1773525624294, "server_ts": 1773525624232, "data": {"e": "aggTrade", "E": 1773525624239, "a": 3200366463, "s": "BTCUSDT", "p": "70726.00", "q": "0.024", "nq": "0.024", "f": 7436235319, "l": 7436235322, "T": 1773525624232, "m": true}}
{"local_ts": 1773525624296, "server_ts": 1773525624234, "data": {"e": "aggTrade", "E": 1773525624243, "a": 3200366464, "s": "BTCUSDT", "p": "70725.90", "q": "0.011", "nq": "0.011", "f": 7436235323, "l": 7436235323, "T": 1773525624234, "m": true}}
{"local_ts": 1773525624298, "server_ts": 1773525624239, "data": {"e": "aggTrade", "E": 1773525624245, "a": 3200366465, "s": "BTCUSDT", "p": "70725.80", "q": "0.028", "nq": "0.028", "f": 7436235324, "l": 7436235326, "T": 1773525624239, "m": true}}
{"local_ts": 1773525624299, "server_ts": 1773525624242, "data": {"e": "aggTrade", "E": 1773525624247, "a": 3200366466, "s": "BTCUSDT", "p": "70725.70", "q": "0.011", "nq": "0.011", "f": 7436235327, "l": 7436235328, "T": 1773525624242, "m": true}}
{"local_ts": 1773525624299, "server_ts": 1773525624243, "data": {"e": "aggTrade", "E": 1773525624247, "a": 3200366467, "s": "BTCUSDT", "p": "70725.60", "q": "0.002", "nq": "0.002", "f": 7436235329, "l": 7436235329, "T": 1773525624243, "m": true}}
{"local_ts": 1773525624300, "server_ts": 1773525624243, "data": {"e": "aggTrade", "E": 1773525624247, "a": 3200366468, "s": "BTCUSDT", "p": "70725.40", "q": "0.002", "nq": "0.002", "f": 7436235330, "l": 7436235330, "T": 1773525624243, "m": true}}
{"local_ts": 1773525624300, "server_ts": 1773525624243, "data": {"e": "aggTrade", "E": 1773525624247, "a": 3200366469, "s": "BTCUSDT", "p": "70725.30", "q": "0.005", "nq": "0.005", "f": 7436235331, "l": 7436235332, "T": 1773525624243, "m": true}}
{"local_ts": 1773525624316, "server_ts": 1773525624243, "data": {"e": "aggTrade", "E": 1773525624249, "a": 3200366470, "s": "BTCUSDT", "p": "70725.10", "q": "0.003", "nq": "0.003", "f": 7436235333, "l": 7436235334, "T": 1773525624243, "m": true}}
{"local_ts": 1773525624407, "server_ts": 1773525624245, "data": {"e": "aggTrade", "E": 1773525624354, "a": 3200366471, "s": "BTCUSDT", "p": "70724.80", "q": "0.795", "nq": "0.795", "f": 7436235335, "l": 7436235344, "T": 1773525624245, "m": true}}
{"local_ts": 1773525624419, "server_ts": 1773525624351, "data": {"e": "aggTrade", "E": 1773525624366, "a": 3200366472, "s": "BTCUSDT", "p": "70724.80", "q": "0.085", "nq": "0.085", "f": 7436235345, "l": 7436235347, "T": 1773525624351, "m": true}}
{"local_ts": 1773525624420, "server_ts": 1773525624364, "data": {"e": "aggTrade", "E": 1773525624366, "a": 3200366473, "s": "BTCUSDT", "p": "70724.70", "q": "0.002", "nq": "0.002", "f": 7436235348, "l": 7436235348, "T": 1773525624364, "m": true}}
{"local_ts": 1773525624420, "server_ts": 1773525624364, "data": {"e": "aggTrade", "E": 1773525624366, "a": 3200366474, "s": "BTCUSDT", "p": "70724.60", "q": "0.004", "nq": "0.004", "f": 7436235349, "l": 7436235350, "T": 1773525624364, "m": true}}
{"local_ts": 1773525624421, "server_ts": 1773525624364, "data": {"e": "aggTrade", "E": 1773525624366, "a": 3200366475, "s": "BTCUSDT", "p": "70724.50", "q": "0.007", "nq": "0.007", "f": 7436235351, "l": 7436235354, "T": 1773525624364, "m": true}}
{"local_ts": 1773525624425, "server_ts": 1773525624364, "data": {"e": "aggTrade", "E": 1773525624371, "a": 3200366476, "s": "BTCUSDT", "p": "70724.10", "q": "0.003", "nq": "0.003", "f": 7436235355, "l": 7436235355, "T": 1773525624364, "m": true}}
{"local_ts": 1773525624428, "server_ts": 1773525624366, "data": {"e": "aggTrade", "E": 1773525624374, "a": 3200366477, "s": "BTCUSDT", "p": "70724.00", "q": "0.145", "nq": "0.145", "f": 7436235356, "l": 7436235361, "T": 1773525624366, "m": true}}
{"local_ts": 1773525624547, "server_ts": 1773525624371, "data": {"e": "aggTrade", "E": 1773525624485, "a": 3200366478, "s": "BTCUSDT", "p": "70723.90", "q": "0.050", "nq": "0.050", "f": 7436235362, "l": 7436235365, "T": 1773525624371, "m": true}}
{"local_ts": 1773525624547, "server_ts": 1773525624483, "data": {"e": "aggTrade", "E": 1773525624485, "a": 3200366479, "s": "BTCUSDT", "p": "70723.90", "q": "0.163", "nq": "0.163", "f": 7436235366, "l": 7436235367, "T": 1773525624483, "m": true}}
{"local_ts": 1773525624548, "server_ts": 1773525624483, "data": {"e": "aggTrade", "E": 1773525624485, "a": 3200366480, "s": "BTCUSDT", "p": "70723.80", "q": "0.004", "nq": "0.004", "f": 7436235368, "l": 7436235369, "T": 1773525624483, "m": true}}
{"local_ts": 1773525624548, "server_ts": 1773525624483, "data": {"e": "aggTrade", "E": 1773525624485, "a": 3200366481, "s": "BTCUSDT", "p": "70723.70", "q": "0.002", "nq": "0.002", "f": 7436235370, "l": 7436235370, "T": 1773525624483, "m": true}}
{"local_ts": 1773525624549, "server_ts": 1773525624483, "data": {"e": "aggTrade", "E": 1773525624485, "a": 3200366482, "s": "BTCUSDT", "p": "70723.50", "q": "0.002", "nq": "0.002", "f": 7436235371, "l": 7436235371, "T": 1773525624483, "m": true}}
{"local_ts": 1773525624549, "server_ts": 1773525624483, "data": {"e": "aggTrade", "E": 1773525624485, "a": 3200366483, "s": "BTCUSDT", "p": "70723.40", "q": "0.002", "nq": "0.002", "f": 7436235372, "l": 7436235372, "T": 1773525624483, "m": true}}
{"local_ts": 1773525624549, "server_ts": 1773525624483, "data": {"e": "aggTrade", "E": 1773525624485, "a": 3200366484, "s": "BTCUSDT", "p": "70723.30", "q": "0.001", "nq": "0.001", "f": 7436235373, "l": 7436235373, "T": 1773525624483, "m": true}}
{"local_ts": 1773525624550, "server_ts": 1773525624483, "data": {"e": "aggTrade", "E": 1773525624486, "a": 3200366485, "s": "BTCUSDT", "p": "70722.90", "q": "0.005", "nq": "0.005", "f": 7436235374, "l": 7436235376, "T": 1773525624483, "m": true}}
{"local_ts": 1773525624550, "server_ts": 1773525624483, "data": {"e": "aggTrade", "E": 1773525624486, "a": 3200366486, "s": "BTCUSDT", "p": "70722.50", "q": "0.001", "nq": "0.001", "f": 7436235377, "l": 7436235377, "T": 1773525624483, "m": true}}
{"local_ts": 1773525624551, "server_ts": 1773525624483, "data": {"e": "aggTrade", "E": 1773525624486, "a": 3200366487, "s": "BTCUSDT", "p": "70722.40", "q": "0.072", "nq": "0.072", "f": 7436235378, "l": 7436235378, "T": 1773525624483, "m": true}}
{"local_ts": 1773525624551, "server_ts": 1773525624483, "data": {"e": "aggTrade", "E": 1773525624486, "a": 3200366488, "s": "BTCUSDT", "p": "70722.20", "q": "0.006", "nq": "0.006", "f": 7436235379, "l": 7436235379, "T": 1773525624483, "m": true}}
{"local_ts": 1773525624552, "server_ts": 1773525624483, "data": {"e": "aggTrade", "E": 1773525624486, "a": 3200366489, "s": "BTCUSDT", "p": "70722.10", "q": "0.001", "nq": "0.001", "f": 7436235380, "l": 7436235380, "T": 1773525624483, "m": true}}
{"local_ts": 1773525624552, "server_ts": 1773525624483, "data": {"e": "aggTrade", "E": 1773525624486, "a": 3200366490, "s": "BTCUSDT", "p": "70722.00", "q": "0.004", "nq": "0.004", "f": 7436235381, "l": 7436235382, "T": 1773525624483, "m": true}}
{"local_ts": 1773525624553, "server_ts": 1773525624483, "data": {"e": "aggTrade", "E": 1773525624486, "a": 3200366491, "s": "BTCUSDT", "p": "70721.90", "q": "0.012", "nq": "0.012", "f": 7436235383, "l": 7436235384, "T": 1773525624483, "m": true}}
{"local_ts": 1773525624553, "server_ts": 1773525624483, "data": {"e": "aggTrade", "E": 1773525624486, "a": 3200366492, "s": "BTCUSDT", "p": "70721.80", "q": "0.001", "nq": "0.001", "f": 7436235385, "l": 7436235385, "T": 1773525624483, "m": true}}
{"local_ts": 1773525624554, "server_ts": 1773525624483, "data": {"e": "aggTrade", "E": 1773525624486, "a": 3200366493, "s": "BTCUSDT", "p": "70721.70", "q": "0.003", "nq": "0.003", "f": 7436235386, "l": 7436235387, "T": 1773525624483, "m": true}}
{"local_ts": 1773525624690, "server_ts": 1773525624483, "data": {"e": "aggTrade", "E": 1773525624637, "a": 3200366494, "s": "BTCUSDT", "p": "70721.60", "q": "0.004", "nq": "0.004", "f": 7436235388, "l": 7436235389, "T": 1773525624483, "m": true}}
{"local_ts": 1773525624824, "server_ts": 1773525624731, "data": {"e": "aggTrade", "E": 1773525624769, "a": 3200366495, "s": "BTCUSDT", "p": "70721.60", "q": "0.003", "nq": "0.003", "f": 7436235390, "l": 7436235390, "T": 1773525624731, "m": false}}
{"local_ts": 1773525624975, "server_ts": 1773525624767, "data": {"e": "aggTrade", "E": 1773525624920, "a": 3200366496, "s": "BTCUSDT", "p": "70721.50", "q": "0.013", "nq": "0.013", "f": 7436235391, "l": 7436235392, "T": 1773525624767, "m": true}}
{"local_ts": 1773525626234, "server_ts": 1773525626028, "data": {"e": "aggTrade", "E": 1773525626181, "a": 3200366497, "s": "BTCUSDT", "p": "70721.60", "q": "0.002", "nq": "0.002", "f": 7436235393, "l": 7436235393, "T": 1773525626028, "m": false}}
{"local_ts": 1773525626552, "server_ts": 1773525626346, "data": {"e": "aggTrade", "E": 1773525626499, "a": 3200366498, "s": "BTCUSDT", "p": "70721.60", "q": "0.019", "nq": "0.019", "f": 7436235394, "l": 7436235395, "T": 1773525626346, "m": false}}
{"local_ts": 1773525627430, "server_ts": 1773525627222, "data": {"e": "aggTrade", "E": 1773525627375, "a": 3200366499, "s": "BTCUSDT", "p": "70721.50", "q": "0.233", "nq": "0.233", "f": 7436235396, "l": 7436235396, "T": 1773525627222, "m": true}}
