{"local_ts": 1773378000214, "server_ts": 1773377999826, "data": {"e": "aggTrade", "E": 1773377999932, "a": 3197489961, "s": "BTCUSDT", "p": "71352.50", "q": "0.020", "nq": "0.020", "f": 7429399996, "l": 7429399996, "T": 1773377999826, "m": true}}
{"local_ts": 1773378000282, "server_ts": 1773377999930, "data": {"e": "aggTrade", "E": 1773378000006, "a": 3197489962, "s": "BTCUSDT", "p": "71352.50", "q": "0.005", "nq": "0.005", "f": 7429399997, "l": 7429399997, "T": 1773377999930, "m": true}}
{"local_ts": 1773378000434, "server_ts": 1773378000004, "data": {"e": "aggTrade", "E": 1773378000157, "a": 3197489963, "s": "BTCUSDT", "p": "71352.60", "q": "0.004", "nq": "0.004", "f": 7429399998, "l": 7429399998, "T": 1773378000004, "m": false}}
{"local_ts": 1773378000590, "server_ts": 1773378000249, "data": {"e": "aggTrade", "E": 1773378000314, "a": 3197489964, "s": "BTCUSDT", "p": "71352.60", "q": "0.028", "nq": "0.028", "f": 7429399999, "l": 7429400000, "T": 1773378000249, "m": false}}
{"local_ts": 1773378000715, "server_ts": 1773378000312, "data": {"e": "aggTrade", "E": 1773378000439, "a": 3197489965, "s": "BTCUSDT", "p": "71352.50", "q": "0.004", "nq": "0.004", "f": 7429400001, "l": 7429400001, "T": 1773378000312, "m": true}}
{"local_ts": 1773378000741, "server_ts": 1773378000436, "data": {"e": "aggTrade", "E": 1773378000463, "a": 3197489966, "s": "BTCUSDT", "p": "71352.50", "q": "0.003", "nq": "0.003", "f": 7429400002, "l": 7429400002, "T": 1773378000436, "m": true}}
{"local_ts": 1773378000843, "server_ts": 1773378000460, "data": {"e": "aggTrade", "E": 1773378000567, "a": 3197489967, "s": "BTCUSDT", "p": "71352.60", "q": "0.006", "nq": "0.006", "f": 7429400003, "l": 7429400003, "T": 1773378000460, "m": false}}
{"local_ts": 1773378000996, "server_ts": 1773378000563, "data": {"e": "aggTrade", "E": 1773378000719, "a": 3197489968, "s": "BTCUSDT", "p": "71352.50", "q": "0.085", "nq": "0.085", "f": 7429400004, "l": 7429400004, "T": 1773378000563, "m": true}}
{"local_ts": 1773378001153, "server_ts": 1773378000843, "data": {"e": "aggTrade", "E": 1773378000878, "a": 3197489969, "s": "BTCUSDT", "p": "71352.60", "q": "1.054", "nq": "1.054", "f": 7429400005, "l": 7429400028, "T": 1773378000843, "m": false}}
{"local_ts": 1773378001282, "server_ts": 1773378000875, "data": {"e": "aggTrade", "E": 1773378001005, "a": 3197489970, "s": "BTCUSDT", "p": "71352.50", "q": "0.500", "nq": "0.500", "f": 7429400029, "l": 7429400035, "T": 1773378000875, "m": true}}
{"local_ts": 1773378001285, "server_ts": 1773378001002, "data": {"e": "aggTrade", "E": 1773378001008, "a": 3197489971, "s": "BTCUSDT", "p": "71352.50", "q": "0.020", "nq": "0.020", "f": 7429400036, "l": 7429400036, "T": 1773378001002, "m": true}}
{"local_ts": 1773378001286, "server_ts": 1773378001005, "data": {"e": "aggTrade", "E": 1773378001008, "a": 3197489972, "s": "BTCUSDT", "p": "71352.60", "q": "0.096", "nq": "0.096", "f": 7429400037, "l": 7429400049, "T": 1773378001005, "m": false}}
{"local_ts": 1773378001286, "server_ts": 1773378001005, "data": {"e": "aggTrade", "E": 1773378001008, "a": 3197489973, "s": "BTCUSDT", "p": "71353.00", "q": "0.002", "nq": "0.002", "f": 7429400050, "l": 7429400050, "T": 1773378001005, "m": false}}
{"local_ts": 1773378001287, "server_ts": 1773378001005, "data": {"e": "aggTrade", "E": 1773378001008, "a": 3197489974, "s": "BTCUSDT", "p": "71353.30", "q": "0.002", "nq": "0.002", "f": 7429400051, "l": 7429400051, "T": 1773378001005, "m": false}}
{"local_ts": 1773378001287, "server_ts": 1773378001005, "data": {"e": "aggTrade", "E": 1773378001008, "a": 3197489975, "s": "BTCUSDT", "p": "71353.70", "q": "0.002", "nq": "0.002", "f": 7429400052, "l": 7429400052, "T": 1773378001005, "m": false}}
{"local_ts": 1773378001287, "server_ts": 1773378001005, "data": {"e": "aggTrade", "E": 1773378001008, "a": 3197489976, "s": "BTCUSDT", "p": "71353.80", "q": "0.002", "nq": "0.002", "f": 7429400053, "l": 7429400053, "T": 1773378001005, "m": false}}
{"local_ts": 1773378001288, "server_ts": 1773378001005, "data": {"e": "aggTrade", "E": 1773378001008, "a": 3197489977, "s": "BTCUSDT", "p": "71353.90", "q": "0.001", "nq": "0.001", "f": 7429400054, "l": 7429400054, "T": 1773378001005, "m": false}}
{"local_ts": 1773378001366, "server_ts": 1773378001005, "data": {"e": "aggTrade", "E": 1773378001083, "a": 3197489978, "s": "BTCUSDT", "p": "71354.00", "q": "0.002", "nq": "0.002", "f": 7429400055, "l": 7429400056, "T": 1773378001005, "m": false}}
{"local_ts": 1773378001511, "server_ts": 1773378001080, "data": {"e": "aggTrade", "E": 1773378001234, "a": 3197489979, "s": "BTCUSDT", "p": "71354.00", "q": "2.020", "nq": "2.020", "f": 7429400057, "l": 7429400061, "T": 1773378001080, "m": true}}
{"local_ts": 1773378001549, "server_ts": 1773378001268, "data": {"e": "aggTrade", "E": 1773378001272, "a": 3197489980, "s": "BTCUSDT", "p": "71354.00", "q": "0.635", "nq": "0.635", "f": 7429400062, "l": 7429400077, "T": 1773378001268, "m": true}}
{"local_ts": 1773378001550, "server_ts": 1773378001268, "data": {"e": "aggTrade", "E": 1773378001272, "a": 3197489981, "s": "BTCUSDT", "p": "71353.90", "q": "0.002", "nq": "0.002", "f": 7429400078, "l": 7429400078, "T": 1773378001268, "m": true}}
{"local_ts": 1773378001550, "server_ts": 1773378001268, "data": {"e": "aggTrade", "E": 1773378001272, "a": 3197489982, "s": "BTCUSDT", "p": "71353.80", "q": "0.021", "nq": "0.021", "f": 7429400079, "l": 7429400079, "T": 1773378001268, "m": true}}
{"local_ts": 1773378001560, "server_ts": 1773378001268, "data": {"e": "aggTrade", "E": 1773378001272, "a": 3197489983, "s": "BTCUSDT", "p": "71353.10", "q": "0.013", "nq": "0.013", "f": 7429400080, "l": 7429400081, "T": 1773378001268, "m": true}}
{"local_ts": 1773378001560, "server_ts": 1773378001268, "data": {"e": "aggTrade", "E": 1773378001272, "a": 3197489984, "s": "BTCUSDT", "p": "71353.00", "q": "0.004", "nq": "0.004", "f": 7429400082, "l": 7429400083, "T": 1773378001268, "m": true}}
{"local_ts": 1773378001561, "server_ts": 1773378001268, "data": {"e": "aggTrade", "E": 1773378001272, "a": 3197489985, "s": "BTCUSDT", "p": "71352.60", "q": "0.001", "nq": "0.001", "f": 7429400084, "l": 7429400084, "T": 1773378001268, "m": true}}
{"local_ts": 1773378001561, "server_ts": 1773378001268, "data": {"e": "aggTrade", "E": 1773378001272, "a": 3197489986, "s": "BTCUSDT", "p": "71352.50", "q": "0.219", "nq": "0.219", "f": 7429400085, "l": 7429400097, "T": 1773378001268, "m": true}}
{"local_ts": 1773378001561, "server_ts": 1773378001268, "data": {"e": "aggTrade", "E": 1773378001272, "a": 3197489987, "s": "BTCUSDT", "p": "71352.40", "q": "0.001", "nq": "0.001", "f": 7429400098, "l": 7429400098, "T": 1773378001268, "m": true}}
{"local_ts": 1773378001562, "server_ts": 1773378001268, "data": {"e": "aggTrade", "E": 1773378001272, "a": 3197489988, "s": "BTCUSDT", "p": "71352.30", "q": "0.052", "nq": "0.052", "f": 7429400099, "l": 7429400100, "T": 1773378001268, "m": true}}
{"local_ts": 1773378001562, "server_ts": 1773378001268, "data": {"e": "aggTrade", "E": 1773378001272, "a": 3197489989, "s": "BTCUSDT", "p": "71352.10", "q": "0.010", "nq": "0.010", "f": 7429400101, "l": 7429400101, "T": 1773378001268, "m": true}}
{"local_ts": 1773378001563, "server_ts": 1773378001268, "data": {"e": "aggTrade", "E": 1773378001272, "a": 3197489990, "s": "BTCUSDT", "p": "71352.00", "q": "0.003", "nq": "0.003", "f": 7429400102, "l": 7429400103, "T": 1773378001268, "m": true}}
{"local_ts": 1773378001563, "server_ts": 1773378001268, "data": {"e": "aggTrade", "E": 1773378001272, "a": 3197489991, "s": "BTCUSDT", "p": "71351.90", "q": "0.010", "nq": "0.010", "f": 7429400104, "l": 7429400106, "T": 1773378001268, "m": true}}
{"local_ts": 1773378001564, "server_ts": 1773378001268, "data": {"e": "aggTrade", "E": 1773378001272, "a": 3197489992, "s": "BTCUSDT", "p": "71351.70", "q": "0.002", "nq": "0.002", "f": 7429400107, "l": 7429400107, "T": 1773378001268, "m": true}}
{"local_ts": 1773378001564, "server_ts": 1773378001268, "data": {"e": "aggTrade", "E": 1773378001272, "a": 3197489993, "s": "BTCUSDT", "p": "71351.60", "q": "0.003", "nq": "0.003", "f": 7429400108, "l": 7429400108, "T": 1773378001268, "m": true}}
{"local_ts": 1773378001565, "server_ts": 1773378001268, "data": {"e": "aggTrade", "E": 1773378001272, "a": 3197489994, "s": "BTCUSDT", "p": "71351.50", "q": "0.211", "nq": "0.211", "f": 7429400109, "l": 7429400110, "T": 1773378001268, "m": true}}
{"local_ts": 1773378001565, "server_ts": 1773378001268, "data": {"e": "aggTrade", "E": 1773378001272, "a": 3197489995, "s": "BTCUSDT", "p": "71351.40", "q": "0.002", "nq": "0.002", "f": 7429400111, "l": 7429400111, "T": 1773378001268, "m": true}}
{"local_ts": 1773378001566, "server_ts": 1773378001268, "data": {"e": "aggTrade", "E": 1773378001272, "a": 3197489996, "s": "BTCUSDT", "p": "71351.20", "q": "0.003", "nq": "0.003", "f": 7429400112, "l": 7429400113, "T": 1773378001268, "m": true}}
{"local_ts": 1773378001566, "server_ts": 1773378001268, "data": {"e": "aggTrade", "E": 1773378001272, "a": 3197489997, "s": "BTCUSDT", "p": "71351.10", "q": "0.041", "nq": "0.041", "f": 7429400114, "l": 7429400115, "T": 1773378001268, "m": true}}
{"local_ts": 1773378001566, "server_ts": 1773378001268, "data": {"e": "aggTrade", "E": 1773378001272, "a": 3197489998, "s": "BTCUSDT", "p": "71351.00", "q": "0.006", "nq": "0.006", "f": 7429400116, "l": 7429400118, "T": 1773378001268, "m": true}}
{"local_ts": 1773378001567, "server_ts": 1773378001268, "data": {"e": "aggTrade", "E": 1773378001272, "a": 3197489999, "s": "BTCUSDT", "p": "71350.90", "q": "0.002", "nq": "0.002", "f": 7429400119, "l": 7429400119, "T": 1773378001268, "m": true}}
{"local_ts": 1773378001567, "server_ts": 1773378001268, "data": {"e": "aggTrade", "E": 1773378001272, "a": 3197490000, "s": "BTCUSDT", "p": "71350.80", "q": "0.004", "nq": "0.004", "f": 7429400120, "l": 7429400121, "T": 1773378001268, "m": true}}
{"local_ts": 1773378001568, "server_ts": 1773378001268, "data": {"e": "aggTrade", "E": 1773378001272, "a": 3197490001, "s": "BTCUSDT", "p": "71350.70", "q": "0.004", "nq": "0.004", "f": 7429400122, "l": 7429400122, "T": 1773378001268, "m": true}}
{"local_ts": 1773378001568, "server_ts": 1773378001268, "data": {"e": "aggTrade", "E": 1773378001272, "a": 3197490002, "s": "BTCUSDT", "p": "71350.50", "q": "0.004", "nq": "0.004", "f": 7429400123, "l": 7429400125, "T": 1773378001268, "m": true}}
{"local_ts": 1773378001569, "server_ts": 1773378001268, "data": {"e": "aggTrade", "E": 1773378001272, "a": 3197490003, "s": "BTCUSDT", "p": "71350.40", "q": "0.002", "nq": "0.002", "f": 7429400126, "l": 7429400126, "T": 1773378001268, "m": true}}
{"local_ts": 1773378001569, "server_ts": 1773378001268, "data": {"e": "aggTrade", "E": 1773378001272, "a": 3197490004, "s": "BTCUSDT", "p": "71350.30", "q": "0.005", "nq": "0.005", "f": 7429400127, "l": 7429400128, "T": 1773378001268, "m": true}}
{"local_ts": 1773378001570, "server_ts": 1773378001268, "data": {"e": "aggTrade", "E": 1773378001272, "a": 3197490005, "s": "BTCUSDT", "p": "71350.20", "q": "0.002", "nq": "0.002", "f": 7429400129, "l": 7429400129, "T": 1773378001268, "m": true}}
{"local_ts": 1773378001570, "server_ts": 1773378001268, "data": {"e": "aggTrade", "E": 1773378001272, "a": 3197490006, "s": "BTCUSDT", "p": "71350.10", "q": "0.004", "nq": "0.004", "f": 7429400130, "l": 7429400131, "T": 1773378001268, "m": true}}
{"local_ts": 1773378001571, "server_ts": 1773378001268, "data": {"e": "aggTrade", "E": 1773378001272, "a": 3197490007, "s": "BTCUSDT", "p": "71350.00", "q": "0.007", "nq": "0.007", "f": 7429400132, "l": 7429400133, "T": 1773378001268, "m": true}}
{"local_ts": 1773378001571, "server_ts": 1773378001268, "data": {"e": "aggTrade", "E": 1773378001272, "a": 3197490008, "s": "BTCUSDT", "p": "71349.90", "q": "0.002", "nq": "0.002", "f": 7429400134, "l": 7429400134, "T": 1773378001268, "m": true}}
{"local_ts": 1773378001572, "server_ts": 1773378001268, "data": {"e": "aggTrade", "E": 1773378001272, "a": 3197490009, "s": "BTCUSDT", "p": "71349.80", "q": "0.003", "nq": "0.003", "f": 7429400135, "l": 7429400136, "T": 1773378001268, "m": true}}
{"local_ts": 1773378001572, "server_ts": 1773378001268, "data": {"e": "aggTrade", "E": 1773378001272, "a": 3197490010, "s": "BTCUSDT", "p": "71349.70", "q": "0.012", "nq": "0.012", "f": 7429400137, "l": 7429400138, "T": 1773378001268, "m": true}}
{"local_ts": 1773378001572, "server_ts": 1773378001268, "data": {"e": "aggTrade", "E": 1773378001272, "a": 3197490011, "s": "BTCUSDT", "p": "71349.60", "q": "0.003", "nq": "0.003", "f": 7429400139, "l": 7429400139, "T": 1773378001268, "m": true}}
{"local_ts": 1773378001573, "server_ts": 1773378001268, "data": {"e": "aggTrade", "E": 1773378001272, "a": 3197490012, "s": "BTCUSDT", "p": "71349.50", "q": "0.002", "nq": "0.002", "f": 7429400140, "l": 7429400140, "T": 1773378001268, "m": true}}
{"local_ts": 1773378001573, "server_ts": 1773378001268, "data": {"e": "aggTrade", "E": 1773378001272, "a": 3197490013, "s": "BTCUSDT", "p": "71349.40", "q": "0.001", "nq": "0.001", "f": 7429400141, "l": 7429400141, "T": 1773378001268, "m": true}}
{"local_ts": 1773378001574, "server_ts": 1773378001268, "data": {"e": "aggTrade", "E": 1773378001272, "a": 3197490014, "s": "BTCUSDT", "p": "71349.30", "q": "0.002", "nq": "0.002", "f": 7429400142, "l": 7429400142, "T": 1773378001268, "m": true}}
{"local_ts": 1773378001574, "server_ts": 1773378001268, "data": {"e": "aggTrade", "E": 1773378001272, "a": 3197490015, "s": "BTCUSDT", "p": "71349.00", "q": "0.012", "nq": "0.012", "f": 7429400143, "l": 7429400146, "T": 1773378001268, "m": true}}
{"local_ts": 1773378001574, "server_ts": 1773378001268, "data": {"e": "aggTrade", "E": 1773378001272, "a": 3197490016, "s": "BTCUSDT", "p": "71348.90", "q": "0.005", "nq": "0.005", "f": 7429400147, "l": 7429400148, "T": 1773378001268, "m": true}}
{"local_ts": 1773378001575, "server_ts": 1773378001268, "data": {"e": "aggTrade", "E": 1773378001272, "a": 3197490017, "s": "BTCUSDT", "p": "71348.80", "q": "0.032", "nq": "0.032", "f": 7429400149, "l": 7429400154, "T": 1773378001268, "m": true}}
{"local_ts": 1773378001575, "server_ts": 1773378001268, "data": {"e": "aggTrade", "E": 1773378001272, "a": 3197490018, "s": "BTCUSDT", "p": "71348.70", "q": "0.003", "nq": "0.003", "f": 7429400155, "l": 7429400155, "T": 1773378001268, "m": true}}
{"local_ts": 1773378001576, "server_ts": 1773378001268, "data": {"e": "aggTrade", "E": 1773378001272, "a": 3197490019, "s": "BTCUSDT", "p": "71348.60", "q": "0.004", "nq": "0.004", "f": 7429400156, "l": 7429400156, "T": 1773378001268, "m": true}}
{"local_ts": 1773378001576, "server_ts": 1773378001268, "data": {"e": "aggTrade", "E": 1773378001272, "a": 3197490020, "s": "BTCUSDT", "p": "71348.50", "q": "0.003", "nq": "0.003", "f": 7429400157, "l": 7429400158, "T": 1773378001268, "m": true}}
{"local_ts": 1773378001576, "server_ts": 1773378001268, "data": {"e": "aggTrade", "E": 1773378001272, "a": 3197490021, "s": "BTCUSDT", "p": "71348.40", "q": "0.032", "nq": "0.032", "f": 7429400159, "l": 7429400161, "T": 1773378001268, "m": true}}
{"local_ts": 1773378001577, "server_ts": 1773378001268, "data": {"e": "aggTrade", "E": 1773378001272, "a": 3197490022, "s": "BTCUSDT", "p": "71348.20", "q": "0.005", "nq": "0.005", "f": 7429400162, "l": 7429400163, "T": 1773378001268, "m": true}}
{"local_ts": 1773378001578, "server_ts": 1773378001268, "data": {"e": "aggTrade", "E": 1773378001274, "a": 3197490023, "s": "BTCUSDT", "p": "71348.10", "q": "0.008", "nq": "0.008", "f": 7429400164, "l": 7429400166, "T": 1773378001268, "m": true}}
{"local_ts": 1773378001579, "server_ts": 1773378001268, "data": {"e": "aggTrade", "E": 1773378001274, "a": 3197490024, "s": "BTCUSDT", "p": "71348.00", "q": "0.115", "nq": "0.115", "f": 7429400167, "l": 7429400168, "T": 1773378001268, "m": true}}
{"local_ts": 1773378001579, "server_ts": 1773378001268, "data": {"e": "aggTrade", "E": 1773378001274, "a": 3197490025, "s": "BTCUSDT", "p": "71347.80", "q": "0.004", "nq": "0.004", "f": 7429400169, "l": 7429400170, "T": 1773378001268, "m": true}}
{"local_ts": 1773378001580, "server_ts": 1773378001268, "data": {"e": "aggTrade", "E": 1773378001274, "a": 3197490026, "s": "BTCUSDT", "p": "71347.70", "q": "0.003", "nq": "0.003", "f": 7429400171, "l": 7429400172, "T": 1773378001268, "m": true}}
{"local_ts": 1773378001580, "server_ts": 1773378001268, "data": {"e": "aggTrade", "E": 1773378001274, "a": 3197490027, "s": "BTCUSDT", "p": "71347.60", "q": "0.050", "nq": "0.050", "f": 7429400173, "l": 7429400173, "T": 1773378001268, "m": true}}
{"local_ts": 1773378001581, "server_ts": 1773378001268, "data": {"e": "aggTrade", "E": 1773378001274, "a": 3197490028, "s": "BTCUSDT", "p": "71347.50", "q": "0.004", "nq": "0.004", "f": 7429400174, "l": 7429400175, "T": 1773378001268, "m": true}}
{"local_ts": 1773378001581, "server_ts": 1773378001268, "data": {"e": "aggTrade", "E": 1773378001274, "a": 3197490029, "s": "BTCUSDT", "p": "71347.40", "q": "0.007", "nq": "0.007", "f": 7429400176, "l": 7429400178, "T": 1773378001268, "m": true}}
{"local_ts": 1773378001582, "server_ts": 1773378001268, "data": {"e": "aggTrade", "E": 1773378001274, "a": 3197490030, "s": "BTCUSDT", "p": "71347.20", "q": "0.001", "nq": "0.001", "f": 7429400179, "l": 7429400179, "T": 1773378001268, "m": true}}
{"local_ts": 1773378001582, "server_ts": 1773378001268, "data": {"e": "aggTrade", "E": 1773378001274, "a": 3197490031, "s": "BTCUSDT", "p": "71347.10", "q": "0.005", "nq": "0.005", "f": 7429400180, "l": 7429400182, "T": 1773378001268, "m": true}}
{"local_ts": 1773378001583, "server_ts": 1773378001268, "data": {"e": "aggTrade", "E": 1773378001274, "a": 3197490032, "s": "BTCUSDT", "p": "71347.00", "q": "0.031", "nq": "0.031", "f": 7429400183, "l": 7429400184, "T": 1773378001268, "m": true}}
{"local_ts": 1773378001583, "server_ts": 1773378001268, "data": {"e": "aggTrade", "E": 1773378001274, "a": 3197490033, "s": "BTCUSDT", "p": "71346.80", "q": "0.001", "nq": "0.001", "f": 7429400185, "l": 7429400185, "T": 1773378001268, "m": true}}
{"local_ts": 1773378001584, "server_ts": 1773378001268, "data": {"e": "aggTrade", "E": 1773378001274, "a": 3197490034, "s": "BTCUSDT", "p": "71346.70", "q": "0.002", "nq": "0.002", "f": 7429400186, "l": 7429400186, "T": 1773378001268, "m": true}}
{"local_ts": 1773378001584, "server_ts": 1773378001268, "data": {"e": "aggTrade", "E": 1773378001274, "a": 3197490035, "s": "BTCUSDT", "p": "71346.50", "q": "0.011", "nq": "0.011", "f": 7429400187, "l": 7429400189, "T": 1773378001268, "m": true}}
{"local_ts": 1773378001584, "server_ts": 1773378001268, "data": {"e": "aggTrade", "E": 1773378001274, "a": 3197490036, "s": "BTCUSDT", "p": "71346.10", "q": "0.001", "nq": "0.001", "f": 7429400190, "l": 7429400190, "T": 1773378001268, "m": true}}
{"local_ts": 1773378001585, "server_ts": 1773378001268, "data": {"e": "aggTrade", "E": 1773378001274, "a": 3197490037, "s": "BTCUSDT", "p": "71346.00", "q": "0.005", "nq": "0.005", "f": 7429400191, "l": 7429400193, "T": 1773378001268, "m": true}}
{"local_ts": 1773378001585, "server_ts": 1773378001268, "data": {"e": "aggTrade", "E": 1773378001274, "a": 3197490038, "s": "BTCUSDT", "p": "71345.80", "q": "0.007", "nq": "0.007", "f": 7429400194, "l": 7429400196, "T": 1773378001268, "m": true}}
{"local_ts": 1773378001585, "server_ts": 1773378001268, "data": {"e": "aggTrade", "E": 1773378001274, "a": 3197490039, "s": "BTCUSDT", "p": "71345.70", "q": "0.003", "nq": "0.003", "f": 7429400197, "l": 7429400198, "T": 1773378001268, "m": true}}
{"local_ts": 1773378001586, "server_ts": 1773378001268, "data": {"e": "aggTrade", "E": 1773378001274, "a": 3197490040, "s": "BTCUSDT", "p": "71345.60", "q": "0.033", "nq": "0.033", "f": 7429400199, "l": 7429400201, "T": 1773378001268, "m": true}}
{"local_ts": 1773378001586, "server_ts": 1773378001268, "data": {"e": "aggTrade", "E": 1773378001274, "a": 3197490041, "s": "BTCUSDT", "p": "71345.50", "q": "0.001", "nq": "0.001", "f": 7429400202, "l": 7429400202, "T": 1773378001268, "m": true}}
{"local_ts": 1773378001587, "server_ts": 1773378001268, "data": {"e": "aggTrade", "E": 1773378001274, "a": 3197490042, "s": "BTCUSDT", "p": "71345.40", "q": "0.005", "nq": "0.005", "f": 7429400203, "l": 7429400204, "T": 1773378001268, "m": true}}
{"local_ts": 1773378001587, "server_ts": 1773378001268, "data": {"e": "aggTrade", "E": 1773378001274, "a": 3197490043, "s": "BTCUSDT", "p": "71345.30", "q": "0.008", "nq": "0.008", "f": 7429400205, "l": 7429400208, "T": 1773378001268, "m": true}}
{"local_ts": 1773378001587, "server_ts": 1773378001268, "data": {"e": "aggTrade", "E": 1773378001274, "a": 3197490044, "s": "BTCUSDT", "p": "71345.20", "q": "0.026", "nq": "0.026", "f": 7429400209, "l": 7429400210, "T": 1773378001268, "m": true}}
{"local_ts": 1773378001588, "server_ts": 1773378001268, "data": {"e": "aggTrade", "E": 1773378001274, "a": 3197490045, "s": "BTCUSDT", "p": "71345.10", "q": "0.006", "nq": "0.006", "f": 7429400211, "l": 7429400212, "T": 1773378001268, "m": true}}
{"local_ts": 1773378001588, "server_ts": 1773378001268, "data": {"e": "aggTrade", "E": 1773378001274, "a": 3197490046, "s": "BTCUSDT", "p": "71345.00", "q": "0.007", "nq": "0.007", "f": 7429400213, "l": 7429400215, "T": 1773378001268, "m": true}}
{"local_ts": 1773378001589, "server_ts": 1773378001268, "data": {"e": "aggTrade", "E": 1773378001274, "a": 3197490047, "s": "BTCUSDT", "p": "71344.90", "q": "0.002", "nq": "0.002", "f": 7429400216, "l": 7429400216, "T": 1773378001268, "m": true}}
{"local_ts": 1773378001589, "server_ts": 1773378001268, "data": {"e": "aggTrade", "E": 1773378001274, "a": 3197490048, "s": "BTCUSDT", "p": "71344.80", "q": "0.005", "nq": "0.005", "f": 7429400217, "l": 7429400218, "T": 1773378001268, "m": true}}
{"local_ts": 1773378001590, "server_ts": 1773378001268, "data": {"e": "aggTrade", "E": 1773378001275, "a": 3197490049, "s": "BTCUSDT", "p": "71344.70", "q": "0.001", "nq": "0.001", "f": 7429400219, "l": 7429400219, "T": 1773378001268, "m": true}}
{"local_ts": 1773378001590, "server_ts": 1773378001268, "data": {"e": "aggTrade", "E": 1773378001275, "a": 3197490050, "s": "BTCUSDT", "p": "71344.60", "q": "0.018", "nq": "0.018", "f": 7429400220, "l": 7429400224, "T": 1773378001268, "m": true}}
{"local_ts": 1773378001591, "server_ts": 1773378001268, "data": {"e": "aggTrade", "E": 1773378001275, "a": 3197490051, "s": "BTCUSDT", "p": "71344.40", "q": "0.034", "nq": "0.034", "f": 7429400225, "l": 7429400227, "T": 1773378001268, "m": true}}
{"local_ts": 1773378001591, "server_ts": 1773378001268, "data": {"e": "aggTrade", "E": 1773378001275, "a": 3197490052, "s": "BTCUSDT", "p": "71344.20", "q": "0.028", "nq": "0.028", "f": 7429400228, "l": 7429400230, "T": 1773378001268, "m": true}}
{"local_ts": 1773378001591, "server_ts": 1773378001268, "data": {"e": "aggTrade", "E": 1773378001275, "a": 3197490053, "s": "BTCUSDT", "p": "71344.00", "q": "0.050", "nq": "0.050", "f": 7429400231, "l": 7429400235, "T": 1773378001268, "m": true}}
{"local_ts": 1773378001592, "server_ts": 1773378001268, "data": {"e": "aggTrade", "E": 1773378001275, "a": 3197490054, "s": "BTCUSDT", "p": "71343.90", "q": "0.006", "nq": "0.006", "f": 7429400236, "l": 7429400238, "T": 1773378001268, "m": true}}
{"local_ts": 1773378001592, "server_ts": 1773378001268, "data": {"e": "aggTrade", "E": 1773378001275, "a": 3197490055, "s": "BTCUSDT", "p": "71343.80", "q": "0.009", "nq": "0.009", "f": 7429400239, "l": 7429400240, "T": 1773378001268, "m": true}}
{"local_ts": 1773378001593, "server_ts": 1773378001268, "data": {"e": "aggTrade", "E": 1773378001275, "a": 3197490056, "s": "BTCUSDT", "p": "71343.70", "q": "0.004", "nq": "0.004", "f": 7429400241, "l": 7429400242, "T": 1773378001268, "m": true}}
{"local_ts": 1773378001593, "server_ts": 1773378001268, "data": {"e": "aggTrade", "E": 1773378001275, "a": 3197490057, "s": "BTCUSDT", "p": "71343.60", "q": "0.115", "nq": "0.115", "f": 7429400243, "l": 7429400243, "T": 1773378001268, "m": true}}
{"local_ts": 1773378001594, "server_ts": 1773378001268, "data": {"e": "aggTrade", "E": 1773378001275, "a": 3197490058, "s": "BTCUSDT", "p": "71343.50", "q": "0.039", "nq": "0.039", "f": 7429400244, "l": 7429400245, "T": 1773378001268, "m": true}}
{"local_ts": 1773378001594, "server_ts": 1773378001268, "data": {"e": "aggTrade", "E": 1773378001275, "a": 3197490059, "s": "BTCUSDT", "p": "71343.40", "q": "0.003", "nq": "0.003", "f": 7429400246, "l": 7429400246, "T": 1773378001268, "m": true}}
{"local_ts": 1773378001595, "server_ts": 1773378001268, "data": {"e": "aggTrade", "E": 1773378001275, "a": 3197490060, "s": "BTCUSDT", "p": "71343.30", "q": "0.065", "nq": "0.065", "f": 7429400247, "l": 7429400250, "T": 1773378001268, "m": true}}
{"local_ts": 1773378001595, "server_ts": 1773378001268, "data": {"e": "aggTrade", "E": 1773378001275, "a": 3197490061, "s": "BTCUSDT", "p": "71343.20", "q": "0.002", "nq": "0.002", "f": 7429400251, "l": 7429400252, "T": 1773378001268, "m": true}}
{"local_ts": 1773378001595, "server_ts": 1773378001268, "data": {"e": "aggTrade", "E": 1773378001275, "a": 3197490062, "s": "BTCUSDT", "p": "71343.00", "q": "0.002", "nq": "0.002", "f": 7429400253, "l": 7429400253, "T": 1773378001268, "m": true}}
{"local_ts": 1773378001596, "server_ts": 1773378001268, "data": {"e": "aggTrade", "E": 1773378001275, "a": 3197490063, "s": "BTCUSDT", "p": "71342.90", "q": "0.039", "nq": "0.039", "f": 7429400254, "l": 7429400255, "T": 1773378001268, "m": true}}
{"local_ts": 1773378001596, "server_ts": 1773378001268, "data": {"e": "aggTrade", "E": 1773378001275, "a": 3197490064, "s": "BTCUSDT", "p": "71342.80", "q": "0.055", "nq": "0.055", "f": 7429400256, "l": 7429400258, "T": 1773378001268, "m": true}}
{"local_ts": 1773378001597, "server_ts": 1773378001268, "data": {"e": "aggTrade", "E": 1773378001275, "a": 3197490065, "s": "BTCUSDT", "p": "71342.70", "q": "0.037", "nq": "0.037", "f": 7429400259, "l": 7429400260, "T": 1773378001268, "m": true}}
{"local_ts": 1773378001597, "server_ts": 1773378001268, "data": {"e": "aggTrade", "E": 1773378001275, "a": 3197490066, "s": "BTCUSDT", "p": "71342.60", "q": "0.036", "nq": "0.036", "f": 7429400261, "l": 7429400261, "T": 1773378001268, "m": true}}
{"local_ts": 1773378001598, "server_ts": 1773378001268, "data": {"e": "aggTrade", "E": 1773378001275, "a": 3197490067, "s": "BTCUSDT", "p": "71342.50", "q": "0.280", "nq": "0.280", "f": 7429400262, "l": 7429400262, "T": 1773378001268, "m": true}}
{"local_ts": 1773378001599, "server_ts": 1773378001268, "data": {"e": "aggTrade", "E": 1773378001275, "a": 3197490068, "s": "BTCUSDT", "p": "71342.40", "q": "0.002", "nq": "0.002", "f": 7429400263, "l": 7429400263, "T": 1773378001268, "m": true}}
{"local_ts": 1773378001600, "server_ts": 1773378001268, "data": {"e": "aggTrade", "E": 1773378001286, "a": 3197490069, "s": "BTCUSDT", "p": "71342.30", "q": "0.161", "nq": "0.161", "f": 7429400264, "l": 7429400266, "T": 1773378001268, "m": true}}
{"local_ts": 1773378001600, "server_ts": 1773378001275, "data": {"e": "aggTrade", "E": 1773378001293, "a": 3197490070, "s": "BTCUSDT", "p": "71345.50", "q": "0.004", "nq": "0.004", "f": 7429400267, "l": 7429400268, "T": 1773378001275, "m": true}}
{"local_ts": 1773378001610, "server_ts": 1773378001277, "data": {"e": "aggTrade", "E": 1773378001333, "a": 3197490071, "s": "BTCUSDT", "p": "71345.60", "q": "0.004", "nq": "0.004", "f": 7429400269, "l": 7429400270, "T": 1773378001277, "m": false}}
{"local_ts": 1773378001611, "server_ts": 1773378001301, "data": {"e": "aggTrade", "E": 1773378001334, "a": 3197490072, "s": "BTCUSDT", "p": "71345.50", "q": "0.042", "nq": "0.042", "f": 7429400271, "l": 7429400275, "T": 1773378001301, "m": true}}
{"local_ts": 1773378001611, "server_ts": 1773378001305, "data": {"e": "aggTrade", "E": 1773378001334, "a": 3197490073, "s": "BTCUSDT", "p": "71344.90", "q": "0.002", "nq": "0.002", "f": 7429400276, "l": 7429400276, "T": 1773378001305, "m": true}}
{"local_ts": 1773378001747, "server_ts": 1773378001305, "data": {"e": "aggTrade", "E": 1773378001471, "a": 3197490074, "s": "BTCUSDT", "p": "71344.00", "q": "0.059", "nq": "0.059", "f": 7429400277, "l": 7429400283, "T": 1773378001305, "m": true}}
{"local_ts": 1773378001765, "server_ts": 1773378001468, "data": {"e": "aggTrade", "E": 1773378001489, "a": 3197490075, "s": "BTCUSDT", "p": "71344.00", "q": "0.369", "nq": "0.369", "f": 7429400284, "l": 7429400289, "T": 1773378001468, "m": true}}
{"local_ts": 1773378001796, "server_ts": 1773378001486, "data": {"e": "aggTrade", "E": 1773378001519, "a": 3197490076, "s": "BTCUSDT", "p": "71344.10", "q": "0.006", "nq": "0.006", "f": 7429400290, "l": 7429400290, "T": 1773378001486, "m": false}}
{"local_ts": 1773378001838, "server_ts": 1773378001517, "data": {"e": "aggTrade", "E": 1773378001557, "a": 3197490077, "s": "BTCUSDT", "p": "71344.00", "q": "0.004", "nq": "0.004", "f": 7429400291, "l": 7429400291, "T": 1773378001517, "m": true}}
{"local_ts": 1773378001984, "server_ts": 1773378001555, "data": {"e": "aggTrade", "E": 1773378001708, "a": 3197490078, "s": "BTCUSDT", "p": "71344.10", "q": "0.016", "nq": "0.016", "f": 7429400292, "l": 7429400292, "T": 1773378001555, "m": false}}
{"local_ts": 1773378002119, "server_ts": 1773378001718, "data": {"e": "aggTrade", "E": 1773378001844, "a": 3197490079, "s": "BTCUSDT", "p": "71344.10", "q": "0.040", "nq": "0.040", "f": 7429400293, "l": 7429400297, "T": 1773378001718, "m": false}}
{"local_ts": 1773378002185, "server_ts": 1773378001841, "data": {"e": "aggTrade", "E": 1773378001908, "a": 3197490080, "s": "BTCUSDT", "p": "71344.10", "q": "0.355", "nq": "0.355", "f": 7429400298, "l": 7429400308, "T": 1773378001841, "m": false}}
{"local_ts": 1773378002186, "server_ts": 1773378001905, "data": {"e": "aggTrade", "E": 1773378001908, "a": 3197490081, "s": "BTCUSDT", "p": "71344.20", "q": "0.015", "nq": "0.015", "f": 7429400309, "l": 7429400309, "T": 1773378001905, "m": false}}
{"local_ts": 1773378002186, "server_ts": 1773378001905, "data": {"e": "aggTrade", "E": 1773378001908, "a": 3197490082, "s": "BTCUSDT", "p": "71344.40", "q": "0.002", "nq": "0.002", "f": 7429400310, "l": 7429400310, "T": 1773378001905, "m": false}}
{"local_ts": 1773378002187, "server_ts": 1773378001905, "data": {"e": "aggTrade", "E": 1773378001908, "a": 3197490083, "s": "BTCUSDT", "p": "71344.50", "q": "0.001", "nq": "0.001", "f": 7429400311, "l": 7429400311, "T": 1773378001905, "m": false}}
{"local_ts": 1773378002187, "server_ts": 1773378001905, "data": {"e": "aggTrade", "E": 1773378001908, "a": 3197490084, "s": "BTCUSDT", "p": "71344.80", "q": "0.001", "nq": "0.001", "f": 7429400312, "l": 7429400312, "T": 1773378001905, "m": false}}
{"local_ts": 1773378002188, "server_ts": 1773378001905, "data": {"e": "aggTrade", "E": 1773378001908, "a": 3197490085, "s": "BTCUSDT", "p": "71344.90", "q": "0.002", "nq": "0.002", "f": 7429400313, "l": 7429400313, "T": 1773378001905, "m": false}}
{"local_ts": 1773378002188, "server_ts": 1773378001905, "data": {"e": "aggTrade", "E": 1773378001908, "a": 3197490086, "s": "BTCUSDT", "p": "71345.00", "q": "0.002", "nq": "0.002", "f": 7429400314, "l": 7429400314, "T": 1773378001905, "m": false}}
{"local_ts": 1773378002189, "server_ts": 1773378001905, "data": {"e": "aggTrade", "E": 1773378001911, "a": 3197490087, "s": "BTCUSDT", "p": "71345.10", "q": "0.002", "nq": "0.002", "f": 7429400315, "l": 7429400316, "T": 1773378001905, "m": false}}
{"local_ts": 1773378002189, "server_ts": 1773378001907, "data": {"e": "aggTrade", "E": 1773378001911, "a": 3197490088, "s": "BTCUSDT", "p": "71345.60", "q": "0.001", "nq": "0.001", "f": 7429400317, "l": 7429400317, "T": 1773378001907, "m": false}}
{"local_ts": 1773378002202, "server_ts": 1773378001907, "data": {"e": "aggTrade", "E": 1773378001911, "a": 3197490089, "s": "BTCUSDT", "p": "71345.70", "q": "0.001", "nq": "0.001", "f": 7429400318, "l": 7429400318, "T": 1773378001907, "m": false}}
{"local_ts": 1773378002203, "server_ts": 1773378001907, "data": {"e": "aggTrade", "E": 1773378001911, "a": 3197490090, "s": "BTCUSDT", "p": "71345.80", "q": "0.003", "nq": "0.003", "f": 7429400319, "l": 7429400320, "T": 1773378001907, "m": false}}
{"local_ts": 1773378002203, "server_ts": 1773378001907, "data": {"e": "aggTrade", "E": 1773378001911, "a": 3197490091, "s": "BTCUSDT", "p": "71345.90", "q": "0.003", "nq": "0.003", "f": 7429400321, "l": 7429400321, "T": 1773378001907, "m": false}}
{"local_ts": 1773378002204, "server_ts": 1773378001907, "data": {"e": "aggTrade", "E": 1773378001911, "a": 3197490092, "s": "BTCUSDT", "p": "71346.10", "q": "0.002", "nq": "0.002", "f": 7429400322, "l": 7429400322, "T": 1773378001907, "m": false}}
{"local_ts": 1773378002204, "server_ts": 1773378001907, "data": {"e": "aggTrade", "E": 1773378001911, "a": 3197490093, "s": "BTCUSDT", "p": "71346.20", "q": "0.016", "nq": "0.016", "f": 7429400323, "l": 7429400323, "T": 1773378001907, "m": false}}
{"local_ts": 1773378002205, "server_ts": 1773378001907, "data": {"e": "aggTrade", "E": 1773378001911, "a": 3197490094, "s": "BTCUSDT", "p": "71346.30", "q": "0.003", "nq": "0.003", "f": 7429400324, "l": 7429400324, "T": 1773378001907, "m": false}}
{"local_ts": 1773378002205, "server_ts": 1773378001908, "data": {"e": "aggTrade", "E": 1773378001911, "a": 3197490095, "s": "BTCUSDT", "p": "71346.40", "q": "0.001", "nq": "0.001", "f": 7429400325, "l": 7429400325, "T": 1773378001908, "m": false}}
{"local_ts": 1773378002205, "server_ts": 1773378001908, "data": {"e": "aggTrade", "E": 1773378001911, "a": 3197490096, "s": "BTCUSDT", "p": "71346.60", "q": "0.001", "nq": "0.001", "f": 7429400326, "l": 7429400326, "T": 1773378001908, "m": false}}
{"local_ts": 1773378002206, "server_ts": 1773378001908, "data": {"e": "aggTrade", "E": 1773378001911, "a": 3197490097, "s": "BTCUSDT", "p": "71346.80", "q": "0.003", "nq": "0.003", "f": 7429400327, "l": 7429400327, "T": 1773378001908, "m": false}}
{"local_ts": 1773378002206, "server_ts": 1773378001908, "data": {"e": "aggTrade", "E": 1773378001911, "a": 3197490098, "s": "BTCUSDT", "p": "71346.90", "q": "0.004", "nq": "0.004", "f": 7429400328, "l": 7429400330, "T": 1773378001908, "m": false}}
{"local_ts": 1773378002207, "server_ts": 1773378001908, "data": {"e": "aggTrade", "E": 1773378001911, "a": 3197490099, "s": "BTCUSDT", "p": "71347.00", "q": "0.005", "nq": "0.005", "f": 7429400331, "l": 7429400335, "T": 1773378001908, "m": false}}
{"local_ts": 1773378002207, "server_ts": 1773378001908, "data": {"e": "aggTrade", "E": 1773378001911, "a": 3197490100, "s": "BTCUSDT", "p": "71347.10", "q": "0.002", "nq": "0.002", "f": 7429400336, "l": 7429400337, "T": 1773378001908, "m": false}}
{"local_ts": 1773378002207, "server_ts": 1773378001908, "data": {"e": "aggTrade", "E": 1773378001922, "a": 3197490101, "s": "BTCUSDT", "p": "71347.20", "q": "0.058", "nq": "0.058", "f": 7429400338, "l": 7429400341, "T": 1773378001908, "m": false}}
{"local_ts": 1773378002208, "server_ts": 1773378001911, "data": {"e": "aggTrade", "E": 1773378001922, "a": 3197490102, "s": "BTCUSDT", "p": "71347.40", "q": "0.003", "nq": "0.003", "f": 7429400342, "l": 7429400343, "T": 1773378001911, "m": false}}
{"local_ts": 1773378002208, "server_ts": 1773378001911, "data": {"e": "aggTrade", "E": 1773378001922, "a": 3197490103, "s": "BTCUSDT", "p": "71347.50", "q": "0.003", "nq": "0.003", "f": 7429400344, "l": 7429400345, "T": 1773378001911, "m": false}}
{"local_ts": 1773378002208, "server_ts": 1773378001911, "data": {"e": "aggTrade", "E": 1773378001922, "a": 3197490104, "s": "BTCUSDT", "p": "71347.70", "q": "0.001", "nq": "0.001", "f": 7429400346, "l": 7429400346, "T": 1773378001911, "m": false}}
{"local_ts": 1773378002209, "server_ts": 1773378001911, "data": {"e": "aggTrade", "E": 1773378001922, "a": 3197490105, "s": "BTCUSDT", "p": "71348.00", "q": "0.003", "nq": "0.003", "f": 7429400347, "l": 7429400348, "T": 1773378001911, "m": false}}
{"local_ts": 1773378002209, "server_ts": 1773378001911, "data": {"e": "aggTrade", "E": 1773378001922, "a": 3197490106, "s": "BTCUSDT", "p": "71348.40", "q": "0.001", "nq": "0.001", "f": 7429400349, "l": 7429400349, "T": 1773378001911, "m": false}}
{"local_ts": 1773378002209, "server_ts": 1773378001911, "data": {"e": "aggTrade", "E": 1773378001922, "a": 3197490107, "s": "BTCUSDT", "p": "71348.60", "q": "0.003", "nq": "0.003", "f": 7429400350, "l": 7429400350, "T": 1773378001911, "m": false}}
{"local_ts": 1773378002210, "server_ts": 1773378001911, "data": {"e": "aggTrade", "E": 1773378001927, "a": 3197490108, "s": "BTCUSDT", "p": "71348.70", "q": "0.002", "nq": "0.002", "f": 7429400351, "l": 7429400351, "T": 1773378001911, "m": false}}
{"local_ts": 1773378002210, "server_ts": 1773378001915, "data": {"e": "aggTrade", "E": 1773378001927, "a": 3197490109, "s": "BTCUSDT", "p": "71348.80", "q": "0.003", "nq": "0.003", "f": 7429400352, "l": 7429400353, "T": 1773378001915, "m": false}}
{"local_ts": 1773378002211, "server_ts": 1773378001915, "data": {"e": "aggTrade", "E": 1773378001927, "a": 3197490110, "s": "BTCUSDT", "p": "71349.00", "q": "0.002", "nq": "0.002", "f": 7429400354, "l": 7429400354, "T": 1773378001915, "m": false}}
{"local_ts": 1773378002211, "server_ts": 1773378001915, "data": {"e": "aggTrade", "E": 1773378001930, "a": 3197490111, "s": "BTCUSDT", "p": "71349.10", "q": "0.001", "nq": "0.001", "f": 7429400355, "l": 7429400355, "T": 1773378001915, "m": false}}
{"local_ts": 1773378002232, "server_ts": 1773378001927, "data": {"e": "aggTrade", "E": 1773378001955, "a": 3197490112, "s": "BTCUSDT", "p": "71349.30", "q": "0.017", "nq": "0.017", "f": 7429400356, "l": 7429400359, "T": 1773378001927, "m": false}}
{"local_ts": 1773378002233, "server_ts": 1773378001951, "data": {"e": "aggTrade", "E": 1773378001955, "a": 3197490113, "s": "BTCUSDT", "p": "71349.50", "q": "0.002", "nq": "0.002", "f": 7429400360, "l": 7429400361, "T": 1773378001951, "m": false}}
{"local_ts": 1773378002233, "server_ts": 1773378001951, "data": {"e": "aggTrade", "E": 1773378001955, "a": 3197490114, "s": "BTCUSDT", "p": "71349.80", "q": "0.001", "nq": "0.001", "f": 7429400362, "l": 7429400362, "T": 1773378001951, "m": false}}
{"local_ts": 1773378002234, "server_ts": 1773378001951, "data": {"e": "aggTrade", "E": 1773378001955, "a": 3197490115, "s": "BTCUSDT", "p": "71350.00", "q": "0.004", "nq": "0.004", "f": 7429400363, "l": 7429400364, "T": 1773378001951, "m": false}}
{"local_ts": 1773378002234, "server_ts": 1773378001951, "data": {"e": "aggTrade", "E": 1773378001955, "a": 3197490116, "s": "BTCUSDT", "p": "71350.20", "q": "0.003", "nq": "0.003", "f": 7429400365, "l": 7429400366, "T": 1773378001951, "m": false}}
{"local_ts": 1773378002235, "server_ts": 1773378001951, "data": {"e": "aggTrade", "E": 1773378001955, "a": 3197490117, "s": "BTCUSDT", "p": "71350.30", "q": "0.013", "nq": "0.013", "f": 7429400367, "l": 7429400368, "T": 1773378001951, "m": false}}
{"local_ts": 1773378002235, "server_ts": 1773378001951, "data": {"e": "aggTrade", "E": 1773378001955, "a": 3197490118, "s": "BTCUSDT", "p": "71350.40", "q": "0.002", "nq": "0.002", "f": 7429400369, "l": 7429400369, "T": 1773378001951, "m": false}}
{"local_ts": 1773378002236, "server_ts": 1773378001951, "data": {"e": "aggTrade", "E": 1773378001955, "a": 3197490119, "s": "BTCUSDT", "p": "71350.50", "q": "0.001", "nq": "0.001", "f": 7429400370, "l": 7429400370, "T": 1773378001951, "m": false}}
{"local_ts": 1773378002236, "server_ts": 1773378001951, "data": {"e": "aggTrade", "E": 1773378001955, "a": 3197490120, "s": "BTCUSDT", "p": "71350.90", "q": "0.002", "nq": "0.002", "f": 7429400371, "l": 7429400372, "T": 1773378001951, "m": false}}
{"local_ts": 1773378002237, "server_ts": 1773378001951, "data": {"e": "aggTrade", "E": 1773378001955, "a": 3197490121, "s": "BTCUSDT", "p": "71351.00", "q": "0.023", "nq": "0.023", "f": 7429400373, "l": 7429400374, "T": 1773378001951, "m": false}}
{"local_ts": 1773378002237, "server_ts": 1773378001951, "data": {"e": "aggTrade", "E": 1773378001955, "a": 3197490122, "s": "BTCUSDT", "p": "71351.20", "q": "0.024", "nq": "0.024", "f": 7429400375, "l": 7429400375, "T": 1773378001951, "m": false}}
{"local_ts": 1773378002237, "server_ts": 1773378001951, "data": {"e": "aggTrade", "E": 1773378001955, "a": 3197490123, "s": "BTCUSDT", "p": "71351.40", "q": "0.006", "nq": "0.006", "f": 7429400376, "l": 7429400378, "T": 1773378001951, "m": false}}
{"local_ts": 1773378002238, "server_ts": 1773378001951, "data": {"e": "aggTrade", "E": 1773378001955, "a": 3197490124, "s": "BTCUSDT", "p": "71351.60", "q": "0.001", "nq": "0.001", "f": 7429400379, "l": 7429400379, "T": 1773378001951, "m": false}}
{"local_ts": 1773378002350, "server_ts": 1773378001951, "data": {"e": "aggTrade", "E": 1773378002074, "a": 3197490125, "s": "BTCUSDT", "p": "71351.70", "q": "0.002", "nq": "0.002", "f": 7429400380, "l": 7429400380, "T": 1773378001951, "m": false}}
{"local_ts": 1773378002501, "server_ts": 1773378002071, "data": {"e": "aggTrade", "E": 1773378002225, "a": 3197490126, "s": "BTCUSDT", "p": "71352.00", "q": "0.340", "nq": "0.340", "f": 7429400381, "l": 7429400382, "T": 1773378002071, "m": false}}
{"local_ts": 1773378002646, "server_ts": 1773378002334, "data": {"e": "aggTrade", "E": 1773378002368, "a": 3197490127, "s": "BTCUSDT", "p": "71351.90", "q": "0.002", "nq": "0.002", "f": 7429400383, "l": 7429400383, "T": 1773378002334, "m": true}}
{"local_ts": 1773378002797, "server_ts": 1773378002365, "data": {"e": "aggTrade", "E": 1773378002519, "a": 3197490128, "s": "BTCUSDT", "p": "71352.00", "q": "0.007", "nq": "0.007", "f": 7429400384, "l": 7429400384, "T": 1773378002365, "m": false}}
{"local_ts": 1773378003069, "server_ts": 1773378002744, "data": {"e": "aggTrade", "E": 1773378002792, "a": 3197490129, "s": "BTCUSDT", "p": "71351.90", "q": "0.157", "nq": "0.157", "f": 7429400385, "l": 7429400386, "T": 1773378002744, "m": true}}
{"local_ts": 1773378003070, "server_ts": 1773378002789, "data": {"e": "aggTrade", "E": 1773378002792, "a": 3197490130, "s": "BTCUSDT", "p": "71352.00", "q": "0.016", "nq": "0.016", "f": 7429400387, "l": 7429400391, "T": 1773378002789, "m": false}}
{"local_ts": 1773378003070, "server_ts": 1773378002789, "data": {"e": "aggTrade", "E": 1773378002792, "a": 3197490131, "s": "BTCUSDT", "p": "71352.10", "q": "0.002", "nq": "0.002", "f": 7429400392, "l": 7429400392, "T": 1773378002789, "m": false}}
{"local_ts": 1773378003071, "server_ts": 1773378002789, "data": {"e": "aggTrade", "E": 1773378002792, "a": 3197490132, "s": "BTCUSDT", "p": "71352.60", "q": "0.003", "nq": "0.003", "f": 7429400393, "l": 7429400393, "T": 1773378002789, "m": false}}
{"local_ts": 1773378003071, "server_ts": 1773378002789, "data": {"e": "aggTrade", "E": 1773378002792, "a": 3197490133, "s": "BTCUSDT", "p": "71352.70", "q": "0.002", "nq": "0.002", "f": 7429400394, "l": 7429400395, "T": 1773378002789, "m": false}}
{"local_ts": 1773378003071, "server_ts": 1773378002789, "data": {"e": "aggTrade", "E": 1773378002792, "a": 3197490134, "s": "BTCUSDT", "p": "71352.90", "q": "0.002", "nq": "0.002", "f": 7429400396, "l": 7429400396, "T": 1773378002789, "m": false}}
{"local_ts": 1773378003072, "server_ts": 1773378002789, "data": {"e": "aggTrade", "E": 1773378002792, "a": 3197490135, "s": "BTCUSDT", "p": "71353.20", "q": "0.001", "nq": "0.001", "f": 7429400397, "l": 7429400397, "T": 1773378002789, "m": false}}
{"local_ts": 1773378003073, "server_ts": 1773378002789, "data": {"e": "aggTrade", "E": 1773378002792, "a": 3197490136, "s": "BTCUSDT", "p": "71353.40", "q": "0.003", "nq": "0.003", "f": 7429400398, "l": 7429400399, "T": 1773378002789, "m": false}}
{"local_ts": 1773378003074, "server_ts": 1773378002789, "data": {"e": "aggTrade", "E": 1773378002792, "a": 3197490137, "s": "BTCUSDT", "p": "71353.50", "q": "0.002", "nq": "0.002", "f": 7429400400, "l": 7429400400, "T": 1773378002789, "m": false}}
{"local_ts": 1773378003074, "server_ts": 1773378002789, "data": {"e": "aggTrade", "E": 1773378002792, "a": 3197490138, "s": "BTCUSDT", "p": "71353.80", "q": "0.001", "nq": "0.001", "f": 7429400401, "l": 7429400401, "T": 1773378002789, "m": false}}
{"local_ts": 1773378003075, "server_ts": 1773378002789, "data": {"e": "aggTrade", "E": 1773378002792, "a": 3197490139, "s": "BTCUSDT", "p": "71354.00", "q": "0.004", "nq": "0.004", "f": 7429400402, "l": 7429400403, "T": 1773378002789, "m": false}}
{"local_ts": 1773378003075, "server_ts": 1773378002789, "data": {"e": "aggTrade", "E": 1773378002792, "a": 3197490140, "s": "BTCUSDT", "p": "71354.10", "q": "0.040", "nq": "0.040", "f": 7429400404, "l": 7429400408, "T": 1773378002789, "m": false}}
{"local_ts": 1773378003075, "server_ts": 1773378002789, "data": {"e": "aggTrade", "E": 1773378002792, "a": 3197490141, "s": "BTCUSDT", "p": "71354.20", "q": "0.003", "nq": "0.003", "f": 7429400409, "l": 7429400410, "T": 1773378002789, "m": false}}
{"local_ts": 1773378003075, "server_ts": 1773378002789, "data": {"e": "aggTrade", "E": 1773378002792, "a": 3197490142, "s": "BTCUSDT", "p": "71354.50", "q": "0.002", "nq": "0.002", "f": 7429400411, "l": 7429400411, "T": 1773378002789, "m": false}}
{"local_ts": 1773378003076, "server_ts": 1773378002789, "data": {"e": "aggTrade", "E": 1773378002792, "a": 3197490143, "s": "BTCUSDT", "p": "71354.60", "q": "0.002", "nq": "0.002", "f": 7429400412, "l": 7429400412, "T": 1773378002789, "m": false}}
{"local_ts": 1773378003076, "server_ts": 1773378002789, "data": {"e": "aggTrade", "E": 1773378002792, "a": 3197490144, "s": "BTCUSDT", "p": "71354.70", "q": "0.004", "nq": "0.004", "f": 7429400413, "l": 7429400415, "T": 1773378002789, "m": false}}
{"local_ts": 1773378003077, "server_ts": 1773378002789, "data": {"e": "aggTrade", "E": 1773378002792, "a": 3197490145, "s": "BTCUSDT", "p": "71354.80", "q": "0.005", "nq": "0.005", "f": 7429400416, "l": 7429400417, "T": 1773378002789, "m": false}}
{"local_ts": 1773378003077, "server_ts": 1773378002789, "data": {"e": "aggTrade", "E": 1773378002792, "a": 3197490146, "s": "BTCUSDT", "p": "71355.00", "q": "0.002", "nq": "0.002", "f": 7429400418, "l": 7429400418, "T": 1773378002789, "m": false}}
{"local_ts": 1773378003077, "server_ts": 1773378002789, "data": {"e": "aggTrade", "E": 1773378002792, "a": 3197490147, "s": "BTCUSDT", "p": "71355.10", "q": "0.002", "nq": "0.002", "f": 7429400419, "l": 7429400420, "T": 1773378002789, "m": false}}
{"local_ts": 1773378003078, "server_ts": 1773378002789, "data": {"e": "aggTrade", "E": 1773378002792, "a": 3197490148, "s": "BTCUSDT", "p": "71355.20", "q": "0.027", "nq": "0.027", "f": 7429400421, "l": 7429400421, "T": 1773378002789, "m": false}}
{"local_ts": 1773378003078, "server_ts": 1773378002789, "data": {"e": "aggTrade", "E": 1773378002792, "a": 3197490149, "s": "BTCUSDT", "p": "71355.40", "q": "0.003", "nq": "0.003", "f": 7429400422, "l": 7429400422, "T": 1773378002789, "m": false}}
{"local_ts": 1773378003079, "server_ts": 1773378002789, "data": {"e": "aggTrade", "E": 1773378002792, "a": 3197490150, "s": "BTCUSDT", "p": "71355.60", "q": "0.001", "nq": "0.001", "f": 7429400423, "l": 7429400423, "T": 1773378002789, "m": false}}
{"local_ts": 1773378003079, "server_ts": 1773378002789, "data": {"e": "aggTrade", "E": 1773378002792, "a": 3197490151, "s": "BTCUSDT", "p": "71355.70", "q": "0.001", "nq": "0.001", "f": 7429400424, "l": 7429400424, "T": 1773378002789, "m": false}}
{"local_ts": 1773378003080, "server_ts": 1773378002789, "data": {"e": "aggTrade", "E": 1773378002792, "a": 3197490152, "s": "BTCUSDT", "p": "71355.80", "q": "0.002", "nq": "0.002", "f": 7429400425, "l": 7429400425, "T": 1773378002789, "m": false}}
{"local_ts": 1773378003080, "server_ts": 1773378002789, "data": {"e": "aggTrade", "E": 1773378002792, "a": 3197490153, "s": "BTCUSDT", "p": "71356.00", "q": "0.009", "nq": "0.009", "f": 7429400426, "l": 7429400429, "T": 1773378002789, "m": false}}
{"local_ts": 1773378003080, "server_ts": 1773378002789, "data": {"e": "aggTrade", "E": 1773378002792, "a": 3197490154, "s": "BTCUSDT", "p": "71356.30", "q": "0.003", "nq": "0.003", "f": 7429400430, "l": 7429400430, "T": 1773378002789, "m": false}}
{"local_ts": 1773378003081, "server_ts": 1773378002789, "data": {"e": "aggTrade", "E": 1773378002793, "a": 3197490155, "s": "BTCUSDT", "p": "71356.40", "q": "0.003", "nq": "0.003", "f": 7429400431, "l": 7429400432, "T": 1773378002789, "m": false}}
{"local_ts": 1773378003101, "server_ts": 1773378002789, "data": {"e": "aggTrade", "E": 1773378002816, "a": 3197490156, "s": "BTCUSDT", "p": "71356.50", "q": "0.002", "nq": "0.002", "f": 7429400433, "l": 7429400433, "T": 1773378002789, "m": false}}
{"local_ts": 1773378003247, "server_ts": 1773378002815, "data": {"e": "aggTrade", "E": 1773378002968, "a": 3197490157, "s": "BTCUSDT", "p": "71356.60", "q": "0.008", "nq": "0.008", "f": 7429400434, "l": 7429400435, "T": 1773378002815, "m": false}}
{"local_ts": 1773378003377, "server_ts": 1773378002975, "data": {"e": "aggTrade", "E": 1773378003100, "a": 3197490158, "s": "BTCUSDT", "p": "71356.60", "q": "0.028", "nq": "0.028", "f": 7429400436, "l": 7429400436, "T": 1773378002975, "m": false}}
{"local_ts": 1773378003480, "server_ts": 1773378003098, "data": {"e": "aggTrade", "E": 1773378003202, "a": 3197490159, "s": "BTCUSDT", "p": "71356.60", "q": "0.014", "nq": "0.014", "f": 7429400437, "l": 7429400437, "T": 1773378003098, "m": false}}
{"local_ts": 1773378003631, "server_ts": 1773378003200, "data": {"e": "aggTrade", "E": 1773378003354, "a": 3197490160, "s": "BTCUSDT", "p": "71356.60", "q": "0.240", "nq": "0.240", "f": 7429400438, "l": 7429400438, "T": 1773378003200, "m": false}}
{"local_ts": 1773378003680, "server_ts": 1773378003399, "data": {"e": "aggTrade", "E": 1773378003404, "a": 3197490161, "s": "BTCUSDT", "p": "71356.50", "q": "0.003", "nq": "0.003", "f": 7429400439, "l": 7429400439, "T": 1773378003399, "m": true}}
{"local_ts": 1773378003686, "server_ts": 1773378003401, "data": {"e": "aggTrade", "E": 1773378003410, "a": 3197490162, "s": "BTCUSDT", "p": "71356.60", "q": "0.106", "nq": "0.106", "f": 7429400440, "l": 7429400441, "T": 1773378003401, "m": false}}
{"local_ts": 1773378003837, "server_ts": 1773378003408, "data": {"e": "aggTrade", "E": 1773378003561, "a": 3197490163, "s": "BTCUSDT", "p": "71356.50", "q": "0.022", "nq": "0.022", "f": 7429400442, "l": 7429400443, "T": 1773378003408, "m": true}}
{"local_ts": 1773378004074, "server_ts": 1773378003644, "data": {"e": "aggTrade", "E": 1773378003798, "a": 3197490164, "s": "BTCUSDT", "p": "71356.50", "q": "0.002", "nq": "0.002", "f": 7429400444, "l": 7429400444, "T": 1773378003644, "m": true}}
{"local_ts": 1773378004291, "server_ts": 1773378003864, "data": {"e": "aggTrade", "E": 1773378004016, "a": 3197490165, "s": "BTCUSDT", "p": "71356.50", "q": "0.003", "nq": "0.003", "f": 7429400445, "l": 7429400445, "T": 1773378003864, "m": true}}
{"local_ts": 1773378004477, "server_ts": 1773378004069, "data": {"e": "aggTrade", "E": 1773378004201, "a": 3197490166, "s": "BTCUSDT", "p": "71356.60", "q": "0.014", "nq": "0.014", "f": 7429400446, "l": 7429400448, "T": 1773378004069, "m": false}}
{"local_ts": 1773378004620, "server_ts": 1773378004200, "data": {"e": "aggTrade", "E": 1773378004344, "a": 3197490167, "s": "BTCUSDT", "p": "71356.50", "q": "0.004", "nq": "0.004", "f": 7429400449, "l": 7429400449, "T": 1773378004200, "m": true}}
{"local_ts": 1773378004767, "server_ts": 1773378004342, "data": {"e": "aggTrade", "E": 1773378004489, "a": 3197490168, "s": "BTCUSDT", "p": "71356.60", "q": "0.032", "nq": "0.032", "f": 7429400450, "l": 7429400451, "T": 1773378004342, "m": false}}
{"local_ts": 1773378004917, "server_ts": 1773378004488, "data": {"e": "aggTrade", "E": 1773378004640, "a": 3197490169, "s": "BTCUSDT", "p": "71356.60", "q": "0.007", "nq": "0.007", "f": 7429400452, "l": 7429400452, "T": 1773378004488, "m": false}}
{"local_ts": 1773378005369, "server_ts": 1773378004940, "data": {"e": "aggTrade", "E": 1773378005093, "a": 3197490170, "s": "BTCUSDT", "p": "71356.50", "q": "0.017", "nq": "0.017", "f": 7429400453, "l": 7429400454, "T": 1773378004940, "m": true}}
{"local_ts": 1773378005710, "server_ts": 1773378005323, "data": {"e": "aggTrade", "E": 1773378005434, "a": 3197490171, "s": "BTCUSDT", "p": "71356.60", "q": "0.019", "nq": "0.019", "f": 7429400455, "l": 7429400455, "T": 1773378005323, "m": false}}
{"local_ts": 1773378005862, "server_ts": 1773378005432, "data": {"e": "aggTrade", "E": 1773378005585, "a": 3197490172, "s": "BTCUSDT", "p": "71356.60", "q": "0.007", "nq": "0.007", "f": 7429400456, "l": 7429400456, "T": 1773378005432, "m": false}}
{"local_ts": 1773378006165, "server_ts": 1773378005884, "data": {"e": "aggTrade", "E": 1773378005887, "a": 3197490173, "s": "BTCUSDT", "p": "71356.60", "q": "0.175", "nq": "0.175", "f": 7429400457, "l": 7429400469, "T": 1773378005884, "m": false}}
{"local_ts": 1773378006165, "server_ts": 1773378005884, "data": {"e": "aggTrade", "E": 1773378005887, "a": 3197490174, "s": "BTCUSDT", "p": "71356.70", "q": "0.054", "nq": "0.054", "f": 7429400470, "l": 7429400470, "T": 1773378005884, "m": false}}
{"local_ts": 1773378006166, "server_ts": 1773378005884, "data": {"e": "aggTrade", "E": 1773378005887, "a": 3197490175, "s": "BTCUSDT", "p": "71357.00", "q": "0.002", "nq": "0.002", "f": 7429400471, "l": 7429400471, "T": 1773378005884, "m": false}}
{"local_ts": 1773378006166, "server_ts": 1773378005884, "data": {"e": "aggTrade", "E": 1773378005887, "a": 3197490176, "s": "BTCUSDT", "p": "71357.10", "q": "0.001", "nq": "0.001", "f": 7429400472, "l": 7429400472, "T": 1773378005884, "m": false}}
{"local_ts": 1773378006167, "server_ts": 1773378005884, "data": {"e": "aggTrade", "E": 1773378005887, "a": 3197490177, "s": "BTCUSDT", "p": "71357.20", "q": "0.005", "nq": "0.005", "f": 7429400473, "l": 7429400475, "T": 1773378005884, "m": false}}
{"local_ts": 1773378006167, "server_ts": 1773378005884, "data": {"e": "aggTrade", "E": 1773378005887, "a": 3197490178, "s": "BTCUSDT", "p": "71357.30", "q": "0.049", "nq": "0.049", "f": 7429400476, "l": 7429400476, "T": 1773378005884, "m": false}}
{"local_ts": 1773378006167, "server_ts": 1773378005884, "data": {"e": "aggTrade", "E": 1773378005887, "a": 3197490179, "s": "BTCUSDT", "p": "71357.60", "q": "0.003", "nq": "0.003", "f": 7429400477, "l": 7429400477, "T": 1773378005884, "m": false}}
{"local_ts": 1773378006168, "server_ts": 1773378005884, "data": {"e": "aggTrade", "E": 1773378005887, "a": 3197490180, "s": "BTCUSDT", "p": "71357.90", "q": "0.002", "nq": "0.002", "f": 7429400478, "l": 7429400479, "T": 1773378005884, "m": false}}
{"local_ts": 1773378006168, "server_ts": 1773378005884, "data": {"e": "aggTrade", "E": 1773378005887, "a": 3197490181, "s": "BTCUSDT", "p": "71358.00", "q": "0.004", "nq": "0.004", "f": 7429400480, "l": 7429400481, "T": 1773378005884, "m": false}}
{"local_ts": 1773378006169, "server_ts": 1773378005884, "data": {"e": "aggTrade", "E": 1773378005887, "a": 3197490182, "s": "BTCUSDT", "p": "71358.40", "q": "0.002", "nq": "0.002", "f": 7429400482, "l": 7429400482, "T": 1773378005884, "m": false}}
{"local_ts": 1773378006169, "server_ts": 1773378005884, "data": {"e": "aggTrade", "E": 1773378005887, "a": 3197490183, "s": "BTCUSDT", "p": "71358.50", "q": "0.005", "nq": "0.005", "f": 7429400483, "l": 7429400485, "T": 1773378005884, "m": false}}
{"local_ts": 1773378006170, "server_ts": 1773378005884, "data": {"e": "aggTrade", "E": 1773378005887, "a": 3197490184, "s": "BTCUSDT", "p": "71358.60", "q": "0.002", "nq": "0.002", "f": 7429400486, "l": 7429400486, "T": 1773378005884, "m": false}}
{"local_ts": 1773378006170, "server_ts": 1773378005884, "data": {"e": "aggTrade", "E": 1773378005887, "a": 3197490185, "s": "BTCUSDT", "p": "71358.70", "q": "0.013", "nq": "0.013", "f": 7429400487, "l": 7429400488, "T": 1773378005884, "m": false}}
{"local_ts": 1773378006171, "server_ts": 1773378005884, "data": {"e": "aggTrade", "E": 1773378005887, "a": 3197490186, "s": "BTCUSDT", "p": "71358.90", "q": "0.004", "nq": "0.004", "f": 7429400489, "l": 7429400490, "T": 1773378005884, "m": false}}
{"local_ts": 1773378006171, "server_ts": 1773378005884, "data": {"e": "aggTrade", "E": 1773378005895, "a": 3197490187, "s": "BTCUSDT", "p": "71359.00", "q": "0.001", "nq": "0.001", "f": 7429400491, "l": 7429400491, "T": 1773378005884, "m": false}}
{"local_ts": 1773378006172, "server_ts": 1773378005888, "data": {"e": "aggTrade", "E": 1773378005895, "a": 3197490188, "s": "BTCUSDT", "p": "71359.20", "q": "0.004", "nq": "0.004", "f": 7429400492, "l": 7429400493, "T": 1773378005888, "m": false}}
{"local_ts": 1773378006180, "server_ts": 1773378005888, "data": {"e": "aggTrade", "E": 1773378005903, "a": 3197490189, "s": "BTCUSDT", "p": "71359.30", "q": "0.002", "nq": "0.002", "f": 7429400494, "l": 7429400495, "T": 1773378005888, "m": false}}
{"local_ts": 1773378006182, "server_ts": 1773378005896, "data": {"e": "aggTrade", "E": 1773378005903, "a": 3197490190, "s": "BTCUSDT", "p": "71359.40", "q": "0.002", "nq": "0.002", "f": 7429400496, "l": 7429400496, "T": 1773378005896, "m": false}}
{"local_ts": 1773378006183, "server_ts": 1773378005896, "data": {"e": "aggTrade", "E": 1773378005903, "a": 3197490191, "s": "BTCUSDT", "p": "71359.60", "q": "0.001", "nq": "0.001", "f": 7429400497, "l": 7429400497, "T": 1773378005896, "m": false}}
{"local_ts": 1773378006184, "server_ts": 1773378005896, "data": {"e": "aggTrade", "E": 1773378005903, "a": 3197490192, "s": "BTCUSDT", "p": "71359.70", "q": "0.002", "nq": "0.002", "f": 7429400498, "l": 7429400499, "T": 1773378005896, "m": false}}
{"local_ts": 1773378006185, "server_ts": 1773378005896, "data": {"e": "aggTrade", "E": 1773378005903, "a": 3197490193, "s": "BTCUSDT", "p": "71359.80", "q": "0.002", "nq": "0.002", "f": 7429400500, "l": 7429400500, "T": 1773378005896, "m": false}}
{"local_ts": 1773378006185, "server_ts": 1773378005896, "data": {"e": "aggTrade", "E": 1773378005903, "a": 3197490194, "s": "BTCUSDT", "p": "71360.00", "q": "0.004", "nq": "0.004", "f": 7429400501, "l": 7429400502, "T": 1773378005896, "m": false}}
{"local_ts": 1773378006186, "server_ts": 1773378005896, "data": {"e": "aggTrade", "E": 1773378005903, "a": 3197490195, "s": "BTCUSDT", "p": "71360.10", "q": "0.002", "nq": "0.002", "f": 7429400503, "l": 7429400503, "T": 1773378005896, "m": false}}
{"local_ts": 1773378006186, "server_ts": 1773378005896, "data": {"e": "aggTrade", "E": 1773378005903, "a": 3197490196, "s": "BTCUSDT", "p": "71360.20", "q": "0.001", "nq": "0.001", "f": 7429400504, "l": 7429400504, "T": 1773378005896, "m": false}}
{"local_ts": 1773378006328, "server_ts": 1773378005896, "data": {"e": "aggTrade", "E": 1773378006052, "a": 3197490197, "s": "BTCUSDT", "p": "71360.30", "q": "0.003", "nq": "0.003", "f": 7429400505, "l": 7429400505, "T": 1773378005896, "m": false}}
{"local_ts": 1773378006482, "server_ts": 1773378006050, "data": {"e": "aggTrade", "E": 1773378006203, "a": 3197490198, "s": "BTCUSDT", "p": "71360.30", "q": "0.004", "nq": "0.004", "f": 7429400506, "l": 7429400506, "T": 1773378006050, "m": true}}
{"local_ts": 1773378006683, "server_ts": 1773378006296, "data": {"e": "aggTrade", "E": 1773378006406, "a": 3197490199, "s": "BTCUSDT", "p": "71360.40", "q": "0.010", "nq": "0.010", "f": 7429400508, "l": 7429400508, "T": 1773378006296, "m": false}}
{"local_ts": 1773378006834, "server_ts": 1773378006403, "data": {"e": "aggTrade", "E": 1773378006557, "a": 3197490200, "s": "BTCUSDT", "p": "71360.40", "q": "0.040", "nq": "0.040", "f": 7429400509, "l": 7429400510, "T": 1773378006403, "m": false}}
{"local_ts": 1773378007020, "server_ts": 1773378006737, "data": {"e": "aggTrade", "E": 1773378006744, "a": 3197490201, "s": "BTCUSDT", "p": "71360.40", "q": "0.039", "nq": "0.039", "f": 7429400511, "l": 7429400519, "T": 1773378006737, "m": false}}
{"local_ts": 1773378007023, "server_ts": 1773378006741, "data": {"e": "aggTrade", "E": 1773378006747, "a": 3197490202, "s": "BTCUSDT", "p": "71360.50", "q": "0.002", "nq": "0.002", "f": 7429400520, "l": 7429400520, "T": 1773378006741, "m": false}}
{"local_ts": 1773378007172, "server_ts": 1773378006744, "data": {"e": "aggTrade", "E": 1773378006898, "a": 3197490203, "s": "BTCUSDT", "p": "71360.50", "q": "0.008", "nq": "0.008", "f": 7429400521, "l": 7429400521, "T": 1773378006744, "m": true}}
{"local_ts": 1773378007405, "server_ts": 1773378006975, "data": {"e": "aggTrade", "E": 1773378007128, "a": 3197490204, "s": "BTCUSDT", "p": "71360.50", "q": "0.018", "nq": "0.018", "f": 7429400522, "l": 7429400523, "T": 1773378006975, "m": true}}
{"local_ts": 1773378007657, "server_ts": 1773378007254, "data": {"e": "aggTrade", "E": 1773378007379, "a": 3197490205, "s": "BTCUSDT", "p": "71360.60", "q": "0.011", "nq": "0.011", "f": 7429400524, "l": 7429400525, "T": 1773378007254, "m": false}}
{"local_ts": 1773378007734, "server_ts": 1773378007376, "data": {"e": "aggTrade", "E": 1773378007451, "a": 3197490206, "s": "BTCUSDT", "p": "71360.50", "q": "0.007", "nq": "0.007", "f": 7429400526, "l": 7429400526, "T": 1773378007376, "m": true}}
{"local_ts": 1773378007865, "server_ts": 1773378007449, "data": {"e": "aggTrade", "E": 1773378007582, "a": 3197490207, "s": "BTCUSDT", "p": "71360.60", "q": "0.071", "nq": "0.071", "f": 7429400527, "l": 7429400527, "T": 1773378007449, "m": false}}
{"local_ts": 1773378008009, "server_ts": 1773378007579, "data": {"e": "aggTrade", "E": 1773378007733, "a": 3197490208, "s": "BTCUSDT", "p": "71360.50", "q": "0.002", "nq": "0.002", "f": 7429400528, "l": 7429400528, "T": 1773378007579, "m": true}}
{"local_ts": 1773378008170, "server_ts": 1773378007741, "data": {"e": "aggTrade", "E": 1773378007895, "a": 3197490209, "s": "BTCUSDT", "p": "71360.50", "q": "0.261", "nq": "0.261", "f": 7429400529, "l": 7429400529, "T": 1773378007741, "m": true}}
{"local_ts": 1773378008445, "server_ts": 1773378008016, "data": {"e": "aggTrade", "E": 1773378008169, "a": 3197490210, "s": "BTCUSDT", "p": "71360.50", "q": "0.017", "nq": "0.017", "f": 7429400530, "l": 7429400530, "T": 1773378008016, "m": true}}
{"local_ts": 1773378008709, "server_ts": 1773378008361, "data": {"e": "aggTrade", "E": 1773378008425, "a": 3197490211, "s": "BTCUSDT", "p": "71360.60", "q": "0.007", "nq": "0.007", "f": 7429400531, "l": 7429400531, "T": 1773378008361, "m": false}}
{"local_ts": 1773378008780, "server_ts": 1773378008424, "data": {"e": "aggTrade", "E": 1773378008502, "a": 3197490212, "s": "BTCUSDT", "p": "71360.50", "q": "0.002", "nq": "0.002", "f": 7429400532, "l": 7429400532, "T": 1773378008424, "m": true}}
{"local_ts": 1773378008870, "server_ts": 1773378008500, "data": {"e": "aggTrade", "E": 1773378008594, "a": 3197490213, "s": "BTCUSDT", "p": "71360.60", "q": "0.002", "nq": "0.002", "f": 7429400533, "l": 7429400533, "T": 1773378008500, "m": false}}
{"local_ts": 1773378009022, "server_ts": 1773378008593, "data": {"e": "aggTrade", "E": 1773378008745, "a": 3197490214, "s": "BTCUSDT", "p": "71360.50", "q": "0.020", "nq": "0.020", "f": 7429400534, "l": 7429400534, "T": 1773378008593, "m": true}}
{"local_ts": 1773378009317, "server_ts": 1773378008890, "data": {"e": "aggTrade", "E": 1773378009042, "a": 3197490215, "s": "BTCUSDT", "p": "71360.50", "q": "0.028", "nq": "0.028", "f": 7429400535, "l": 7429400535, "T": 1773378008890, "m": true}}
{"local_ts": 1773378009737, "server_ts": 1773378009361, "data": {"e": "aggTrade", "E": 1773378009461, "a": 3197490216, "s": "BTCUSDT", "p": "71360.60", "q": "0.008", "nq": "0.008", "f": 7429400536, "l": 7429400536, "T": 1773378009361, "m": false}}
{"local_ts": 1773378009886, "server_ts": 1773378009458, "data": {"e": "aggTrade", "E": 1773378009609, "a": 3197490217, "s": "BTCUSDT", "p": "71360.50", "q": "0.002", "nq": "0.002", "f": 7429400537, "l": 7429400537, "T": 1773378009458, "m": true}}
{"local_ts": 1773378010040, "server_ts": 1773378009607, "data": {"e": "aggTrade", "E": 1773378009760, "a": 3197490218, "s": "BTCUSDT", "p": "71360.50", "q": "0.126", "nq": "0.126", "f": 7429400538, "l": 7429400547, "T": 1773378009607, "m": true}}
{"local_ts": 1773378010179, "server_ts": 1773378009838, "data": {"e": "aggTrade", "E": 1773378009899, "a": 3197490219, "s": "BTCUSDT", "p": "71360.60", "q": "0.499", "nq": "0.499", "f": 7429400548, "l": 7429400557, "T": 1773378009838, "m": false}}
{"local_ts": 1773378010327, "server_ts": 1773378009897, "data": {"e": "aggTrade", "E": 1773378010050, "a": 3197490220, "s": "BTCUSDT", "p": "71360.50", "q": "0.014", "nq": "0.014", "f": 7429400558, "l": 7429400558, "T": 1773378009897, "m": true}}
{"local_ts": 1773378010734, "server_ts": 1773378010306, "data": {"e": "aggTrade", "E": 1773378010458, "a": 3197490221, "s": "BTCUSDT", "p": "71360.60", "q": "0.008", "nq": "0.008", "f": 7429400559, "l": 7429400559, "T": 1773378010306, "m": false}}
{"local_ts": 1773378010991, "server_ts": 1773378010577, "data": {"e": "aggTrade", "E": 1773378010715, "a": 3197490222, "s": "BTCUSDT", "p": "71360.60", "q": "0.036", "nq": "0.036", "f": 7429400560, "l": 7429400560, "T": 1773378010577, "m": false}}
{"local_ts": 1773378011146, "server_ts": 1773378010713, "data": {"e": "aggTrade", "E": 1773378010866, "a": 3197490223, "s": "BTCUSDT", "p": "71360.50", "q": "0.013", "nq": "0.013", "f": 7429400561, "l": 7429400562, "T": 1773378010713, "m": true}}
{"local_ts": 1773378011468, "server_ts": 1773378011039, "data": {"e": "aggTrade", "E": 1773378011193, "a": 3197490224, "s": "BTCUSDT", "p": "71360.50", "q": "0.002", "nq": "0.002", "f": 7429400563, "l": 7429400563, "T": 1773378011039, "m": true}}
{"local_ts": 1773378011546, "server_ts": 1773378011245, "data": {"e": "aggTrade", "E": 1773378011263, "a": 3197490225, "s": "BTCUSDT", "p": "71360.60", "q": "0.008", "nq": "0.008", "f": 7429400564, "l": 7429400564, "T": 1773378011245, "m": false}}
{"local_ts": 1773378011549, "server_ts": 1773378011262, "data": {"e": "aggTrade", "E": 1773378011273, "a": 3197490226, "s": "BTCUSDT", "p": "71360.50", "q": "0.002", "nq": "0.002", "f": 7429400565, "l": 7429400565, "T": 1773378011262, "m": true}}
{"local_ts": 1773378011671, "server_ts": 1773378011272, "data": {"e": "aggTrade", "E": 1773378011395, "a": 3197490227, "s": "BTCUSDT", "p": "71360.60", "q": "0.008", "nq": "0.008", "f": 7429400566, "l": 7429400566, "T": 1773378011272, "m": false}}
{"local_ts": 1773378011732, "server_ts": 1773378011393, "data": {"e": "aggTrade", "E": 1773378011456, "a": 3197490228, "s": "BTCUSDT", "p": "71360.60", "q": "0.005", "nq": "0.005", "f": 7429400567, "l": 7429400567, "T": 1773378011393, "m": false}}
{"local_ts": 1773378011831, "server_ts": 1773378011455, "data": {"e": "aggTrade", "E": 1773378011555, "a": 3197490229, "s": "BTCUSDT", "p": "71360.50", "q": "0.010", "nq": "0.010", "f": 7429400568, "l": 7429400568, "T": 1773378011455, "m": true}}
{"local_ts": 1773378011983, "server_ts": 1773378011553, "data": {"e": "aggTrade", "E": 1773378011706, "a": 3197490230, "s": "BTCUSDT", "p": "71360.60", "q": "0.052", "nq": "0.052", "f": 7429400569, "l": 7429400570, "T": 1773378011553, "m": false}}
{"local_ts": 1773378012474, "server_ts": 1773378012078, "data": {"e": "aggTrade", "E": 1773378012198, "a": 3197490231, "s": "BTCUSDT", "p": "71360.60", "q": "0.004", "nq": "0.004", "f": 7429400571, "l": 7429400571, "T": 1773378012078, "m": false}}
{"local_ts": 1773378012609, "server_ts": 1773378012196, "data": {"e": "aggTrade", "E": 1773378012330, "a": 3197490232, "s": "BTCUSDT", "p": "71360.60", "q": "0.002", "nq": "0.002", "f": 7429400572, "l": 7429400572, "T": 1773378012196, "m": false}}
{"local_ts": 1773378012610, "server_ts": 1773378012327, "data": {"e": "aggTrade", "E": 1773378012330, "a": 3197490233, "s": "BTCUSDT", "p": "71360.50", "q": "0.022", "nq": "0.022", "f": 7429400573, "l": 7429400573, "T": 1773378012327, "m": true}}
{"local_ts": 1773378012750, "server_ts": 1773378012329, "data": {"e": "aggTrade", "E": 1773378012474, "a": 3197490234, "s": "BTCUSDT", "p": "71360.60", "q": "0.010", "nq": "0.010", "f": 7429400574, "l": 7429400575, "T": 1773378012329, "m": false}}
{"local_ts": 1773378012902, "server_ts": 1773378012472, "data": {"e": "aggTrade", "E": 1773378012625, "a": 3197490235, "s": "BTCUSDT", "p": "71360.60", "q": "0.014", "nq": "0.014", "f": 7429400576, "l": 7429400576, "T": 1773378012472, "m": false}}
{"local_ts": 1773378012943, "server_ts": 1773378012659, "data": {"e": "aggTrade", "E": 1773378012666, "a": 3197490236, "s": "BTCUSDT", "p": "71360.60", "q": "0.054", "nq": "0.054", "f": 7429400577, "l": 7429400577, "T": 1773378012659, "m": false}}
{"local_ts": 1773378013100, "server_ts": 1773378012664, "data": {"e": "aggTrade", "E": 1773378012818, "a": 3197490237, "s": "BTCUSDT", "p": "71360.50", "q": "0.357", "nq": "0.357", "f": 7429400578, "l": 7429400580, "T": 1773378012664, "m": true}}
{"local_ts": 1773378013570, "server_ts": 1773378013163, "data": {"e": "aggTrade", "E": 1773378013294, "a": 3197490238, "s": "BTCUSDT", "p": "71360.60", "q": "0.339", "nq": "0.339", "f": 7429400581, "l": 7429400582, "T": 1773378013163, "m": false}}
{"local_ts": 1773378013709, "server_ts": 1773378013291, "data": {"e": "aggTrade", "E": 1773378013431, "a": 3197490239, "s": "BTCUSDT", "p": "71360.60", "q": "0.008", "nq": "0.008", "f": 7429400583, "l": 7429400583, "T": 1773378013291, "m": false}}
{"local_ts": 1773378013841, "server_ts": 1773378013429, "data": {"e": "aggTrade", "E": 1773378013554, "a": 3197490240, "s": "BTCUSDT", "p": "71360.50", "q": "0.030", "nq": "0.030", "f": 7429400584, "l": 7429400584, "T": 1773378013429, "m": true}}
{"local_ts": 1773378013981, "server_ts": 1773378013553, "data": {"e": "aggTrade", "E": 1773378013705, "a": 3197490241, "s": "BTCUSDT", "p": "71360.60", "q": "0.003", "nq": "0.003", "f": 7429400585, "l": 7429400585, "T": 1773378013553, "m": false}}
{"local_ts": 1773378014346, "server_ts": 1773378013914, "data": {"e": "aggTrade", "E": 1773378014067, "a": 3197490242, "s": "BTCUSDT", "p": "71360.60", "q": "0.195", "nq": "0.195", "f": 7429400586, "l": 7429400588, "T": 1773378013914, "m": false}}
{"local_ts": 1773378014505, "server_ts": 1773378014197, "data": {"e": "aggTrade", "E": 1773378014229, "a": 3197490243, "s": "BTCUSDT", "p": "71360.60", "q": "0.002", "nq": "0.002", "f": 7429400589, "l": 7429400589, "T": 1773378014197, "m": false}}
{"local_ts": 1773378014564, "server_ts": 1773378014226, "data": {"e": "aggTrade", "E": 1773378014289, "a": 3197490244, "s": "BTCUSDT", "p": "71360.50", "q": "0.007", "nq": "0.007", "f": 7429400590, "l": 7429400590, "T": 1773378014226, "m": true}}
{"local_ts": 1773378014716, "server_ts": 1773378014286, "data": {"e": "aggTrade", "E": 1773378014440, "a": 3197490245, "s": "BTCUSDT", "p": "71360.60", "q": "0.046", "nq": "0.046", "f": 7429400591, "l": 7429400596, "T": 1773378014286, "m": false}}
{"local_ts": 1773378015003, "server_ts": 1773378014574, "data": {"e": "aggTrade", "E": 1773378014727, "a": 3197490246, "s": "BTCUSDT", "p": "71360.50", "q": "0.005", "nq": "0.005", "f": 7429400597, "l": 7429400597, "T": 1773378014574, "m": true}}
{"local_ts": 1773378015163, "server_ts": 1773378014861, "data": {"e": "aggTrade", "E": 1773378014884, "a": 3197490247, "s": "BTCUSDT", "p": "71360.60", "q": "0.013", "nq": "0.013", "f": 7429400598, "l": 7429400599, "T": 1773378014861, "m": false}}
{"local_ts": 1773378015166, "server_ts": 1773378014883, "data": {"e": "aggTrade", "E": 1773378014888, "a": 3197490248, "s": "BTCUSDT", "p": "71360.50", "q": "0.012", "nq": "0.012", "f": 7429400600, "l": 7429400600, "T": 1773378014883, "m": true}}
{"local_ts": 1773378015301, "server_ts": 1773378014886, "data": {"e": "aggTrade", "E": 1773378015023, "a": 3197490249, "s": "BTCUSDT", "p": "71360.60", "q": "0.028", "nq": "0.028", "f": 7429400601, "l": 7429400601, "T": 1773378014886, "m": false}}
{"local_ts": 1773378015449, "server_ts": 1773378015020, "data": {"e": "aggTrade", "E": 1773378015174, "a": 3197490250, "s": "BTCUSDT", "p": "71360.60", "q": "0.137", "nq": "0.137", "f": 7429400602, "l": 7429400602, "T": 1773378015020, "m": false}}
{"local_ts": 1773378015482, "server_ts": 1773378015197, "data": {"e": "aggTrade", "E": 1773378015206, "a": 3197490251, "s": "BTCUSDT", "p": "71360.60", "q": "0.003", "nq": "0.003", "f": 7429400603, "l": 7429400603, "T": 1773378015197, "m": false}}
{"local_ts": 1773378015485, "server_ts": 1773378015201, "data": {"e": "aggTrade", "E": 1773378015208, "a": 3197490252, "s": "BTCUSDT", "p": "71360.50", "q": "1.671", "nq": "1.671", "f": 7429400604, "l": 7429400639, "T": 1773378015201, "m": true}}
{"local_ts": 1773378015493, "server_ts": 1773378015203, "data": {"e": "aggTrade", "E": 1773378015215, "a": 3197490253, "s": "BTCUSDT", "p": "71360.40", "q": "0.006", "nq": "0.006", "f": 7429400640, "l": 7429400641, "T": 1773378015203, "m": true}}
{"local_ts": 1773378015494, "server_ts": 1773378015208, "data": {"e": "aggTrade", "E": 1773378015215, "a": 3197490254, "s": "BTCUSDT", "p": "71360.30", "q": "0.012", "nq": "0.012", "f": 7429400642, "l": 7429400645, "T": 1773378015208, "m": true}}
{"local_ts": 1773378015494, "server_ts": 1773378015209, "data": {"e": "aggTrade", "E": 1773378015215, "a": 3197490255, "s": "BTCUSDT", "p": "71360.20", "q": "0.002", "nq": "0.002", "f": 7429400646, "l": 7429400646, "T": 1773378015209, "m": true}}
{"local_ts": 1773378015494, "server_ts": 1773378015209, "data": {"e": "aggTrade", "E": 1773378015215, "a": 3197490256, "s": "BTCUSDT", "p": "71359.50", "q": "0.002", "nq": "0.002", "f": 7429400647, "l": 7429400647, "T": 1773378015209, "m": true}}
{"local_ts": 1773378015495, "server_ts": 1773378015209, "data": {"e": "aggTrade", "E": 1773378015215, "a": 3197490257, "s": "BTCUSDT", "p": "71359.20", "q": "0.002", "nq": "0.002", "f": 7429400648, "l": 7429400649, "T": 1773378015209, "m": true}}
{"local_ts": 1773378015495, "server_ts": 1773378015209, "data": {"e": "aggTrade", "E": 1773378015215, "a": 3197490258, "s": "BTCUSDT", "p": "71359.10", "q": "0.061", "nq": "0.061", "f": 7429400650, "l": 7429400651, "T": 1773378015209, "m": true}}
{"local_ts": 1773378015496, "server_ts": 1773378015209, "data": {"e": "aggTrade", "E": 1773378015215, "a": 3197490259, "s": "BTCUSDT", "p": "71359.00", "q": "0.002", "nq": "0.002", "f": 7429400652, "l": 7429400653, "T": 1773378015209, "m": true}}
{"local_ts": 1773378015496, "server_ts": 1773378015209, "data": {"e": "aggTrade", "E": 1773378015215, "a": 3197490260, "s": "BTCUSDT", "p": "71358.90", "q": "0.002", "nq": "0.002", "f": 7429400654, "l": 7429400654, "T": 1773378015209, "m": true}}
{"local_ts": 1773378015497, "server_ts": 1773378015209, "data": {"e": "aggTrade", "E": 1773378015215, "a": 3197490261, "s": "BTCUSDT", "p": "71358.60", "q": "0.003", "nq": "0.003", "f": 7429400655, "l": 7429400655, "T": 1773378015209, "m": true}}
{"local_ts": 1773378015497, "server_ts": 1773378015209, "data": {"e": "aggTrade", "E": 1773378015215, "a": 3197490262, "s": "BTCUSDT", "p": "71358.50", "q": "0.001", "nq": "0.001", "f": 7429400656, "l": 7429400656, "T": 1773378015209, "m": true}}
{"local_ts": 1773378015498, "server_ts": 1773378015209, "data": {"e": "aggTrade", "E": 1773378015215, "a": 3197490263, "s": "BTCUSDT", "p": "71358.30", "q": "0.001", "nq": "0.001", "f": 7429400657, "l": 7429400657, "T": 1773378015209, "m": true}}
{"local_ts": 1773378015498, "server_ts": 1773378015209, "data": {"e": "aggTrade", "E": 1773378015215, "a": 3197490264, "s": "BTCUSDT", "p": "71358.20", "q": "0.001", "nq": "0.001", "f": 7429400658, "l": 7429400658, "T": 1773378015209, "m": true}}
{"local_ts": 1773378015498, "server_ts": 1773378015209, "data": {"e": "aggTrade", "E": 1773378015215, "a": 3197490265, "s": "BTCUSDT", "p": "71358.00", "q": "0.023", "nq": "0.023", "f": 7429400659, "l": 7429400660, "T": 1773378015209, "m": true}}
{"local_ts": 1773378015499, "server_ts": 1773378015209, "data": {"e": "aggTrade", "E": 1773378015215, "a": 3197490266, "s": "BTCUSDT", "p": "71357.90", "q": "0.003", "nq": "0.003", "f": 7429400661, "l": 7429400661, "T": 1773378015209, "m": true}}
{"local_ts": 1773378015499, "server_ts": 1773378015209, "data": {"e": "aggTrade", "E": 1773378015215, "a": 3197490267, "s": "BTCUSDT", "p": "71357.80", "q": "0.001", "nq": "0.001", "f": 7429400662, "l": 7429400662, "T": 1773378015209, "m": true}}
{"local_ts": 1773378015499, "server_ts": 1773378015209, "data": {"e": "aggTrade", "E": 1773378015215, "a": 3197490268, "s": "BTCUSDT", "p": "71357.70", "q": "0.005", "nq": "0.005", "f": 7429400663, "l": 7429400665, "T": 1773378015209, "m": true}}
{"local_ts": 1773378015500, "server_ts": 1773378015209, "data": {"e": "aggTrade", "E": 1773378015215, "a": 3197490269, "s": "BTCUSDT", "p": "71357.40", "q": "0.001", "nq": "0.001", "f": 7429400666, "l": 7429400666, "T": 1773378015209, "m": true}}
{"local_ts": 1773378015500, "server_ts": 1773378015209, "data": {"e": "aggTrade", "E": 1773378015215, "a": 3197490270, "s": "BTCUSDT", "p": "71357.30", "q": "0.019", "nq": "0.019", "f": 7429400667, "l": 7429400670, "T": 1773378015209, "m": true}}
{"local_ts": 1773378015500, "server_ts": 1773378015209, "data": {"e": "aggTrade", "E": 1773378015215, "a": 3197490271, "s": "BTCUSDT", "p": "71357.20", "q": "0.006", "nq": "0.006", "f": 7429400671, "l": 7429400674, "T": 1773378015209, "m": true}}
{"local_ts": 1773378015501, "server_ts": 1773378015209, "data": {"e": "aggTrade", "E": 1773378015215, "a": 3197490272, "s": "BTCUSDT", "p": "71357.10", "q": "0.005", "nq": "0.005", "f": 7429400675, "l": 7429400677, "T": 1773378015209, "m": true}}
{"local_ts": 1773378015501, "server_ts": 1773378015209, "data": {"e": "aggTrade", "E": 1773378015215, "a": 3197490273, "s": "BTCUSDT", "p": "71357.00", "q": "0.058", "nq": "0.058", "f": 7429400678, "l": 7429400679, "T": 1773378015209, "m": true}}
{"local_ts": 1773378015502, "server_ts": 1773378015209, "data": {"e": "aggTrade", "E": 1773378015220, "a": 3197490274, "s": "BTCUSDT", "p": "71356.80", "q": "0.008", "nq": "0.008", "f": 7429400680, "l": 7429400681, "T": 1773378015209, "m": true}}
{"local_ts": 1773378015502, "server_ts": 1773378015213, "data": {"e": "aggTrade", "E": 1773378015221, "a": 3197490275, "s": "BTCUSDT", "p": "71356.60", "q": "0.004", "nq": "0.004", "f": 7429400682, "l": 7429400682, "T": 1773378015213, "m": true}}
{"local_ts": 1773378015505, "server_ts": 1773378015216, "data": {"e": "aggTrade", "E": 1773378015226, "a": 3197490276, "s": "BTCUSDT", "p": "71356.50", "q": "0.014", "nq": "0.014", "f": 7429400683, "l": 7429400686, "T": 1773378015216, "m": true}}
{"local_ts": 1773378015505, "server_ts": 1773378015219, "data": {"e": "aggTrade", "E": 1773378015226, "a": 3197490277, "s": "BTCUSDT", "p": "71356.40", "q": "0.002", "nq": "0.002", "f": 7429400687, "l": 7429400687, "T": 1773378015219, "m": true}}
{"local_ts": 1773378015505, "server_ts": 1773378015219, "data": {"e": "aggTrade", "E": 1773378015226, "a": 3197490278, "s": "BTCUSDT", "p": "71356.30", "q": "0.001", "nq": "0.001", "f": 7429400688, "l": 7429400688, "T": 1773378015219, "m": true}}
{"local_ts": 1773378015506, "server_ts": 1773378015219, "data": {"e": "aggTrade", "E": 1773378015226, "a": 3197490279, "s": "BTCUSDT", "p": "71356.20", "q": "0.002", "nq": "0.002", "f": 7429400689, "l": 7429400689, "T": 1773378015219, "m": true}}
{"local_ts": 1773378015508, "server_ts": 1773378015219, "data": {"e": "aggTrade", "E": 1773378015229, "a": 3197490280, "s": "BTCUSDT", "p": "71356.00", "q": "0.004", "nq": "0.004", "f": 7429400690, "l": 7429400692, "T": 1773378015219, "m": true}}
{"local_ts": 1773378015509, "server_ts": 1773378015222, "data": {"e": "aggTrade", "E": 1773378015229, "a": 3197490281, "s": "BTCUSDT", "p": "71355.90", "q": "0.008", "nq": "0.008", "f": 7429400693, "l": 7429400694, "T": 1773378015222, "m": true}}
{"local_ts": 1773378015509, "server_ts": 1773378015224, "data": {"e": "aggTrade", "E": 1773378015229, "a": 3197490282, "s": "BTCUSDT", "p": "71355.80", "q": "0.003", "nq": "0.003", "f": 7429400695, "l": 7429400695, "T": 1773378015224, "m": true}}
{"local_ts": 1773378015515, "server_ts": 1773378015224, "data": {"e": "aggTrade", "E": 1773378015233, "a": 3197490283, "s": "BTCUSDT", "p": "71355.60", "q": "0.001", "nq": "0.001", "f": 7429400696, "l": 7429400696, "T": 1773378015224, "m": true}}
{"local_ts": 1773378015516, "server_ts": 1773378015226, "data": {"e": "aggTrade", "E": 1773378015233, "a": 3197490284, "s": "BTCUSDT", "p": "71355.50", "q": "0.003", "nq": "0.003", "f": 7429400697, "l": 7429400698, "T": 1773378015226, "m": true}}
{"local_ts": 1773378015516, "server_ts": 1773378015226, "data": {"e": "aggTrade", "E": 1773378015233, "a": 3197490285, "s": "BTCUSDT", "p": "71355.40", "q": "0.007", "nq": "0.007", "f": 7429400699, "l": 7429400699, "T": 1773378015226, "m": true}}
{"local_ts": 1773378015517, "server_ts": 1773378015226, "data": {"e": "aggTrade", "E": 1773378015235, "a": 3197490286, "s": "BTCUSDT", "p": "71355.30", "q": "0.005", "nq": "0.005", "f": 7429400700, "l": 7429400701, "T": 1773378015226, "m": true}}
{"local_ts": 1773378015518, "server_ts": 1773378015229, "data": {"e": "aggTrade", "E": 1773378015235, "a": 3197490287, "s": "BTCUSDT", "p": "71354.80", "q": "0.001", "nq": "0.001", "f": 7429400702, "l": 7429400702, "T": 1773378015229, "m": true}}
{"local_ts": 1773378015518, "server_ts": 1773378015229, "data": {"e": "aggTrade", "E": 1773378015235, "a": 3197490288, "s": "BTCUSDT", "p": "71354.50", "q": "0.004", "nq": "0.004", "f": 7429400703, "l": 7429400704, "T": 1773378015229, "m": true}}
{"local_ts": 1773378015519, "server_ts": 1773378015229, "data": {"e": "aggTrade", "E": 1773378015237, "a": 3197490289, "s": "BTCUSDT", "p": "71354.40", "q": "0.001", "nq": "0.001", "f": 7429400705, "l": 7429400705, "T": 1773378015229, "m": true}}
{"local_ts": 1773378015519, "server_ts": 1773378015232, "data": {"e": "aggTrade", "E": 1773378015237, "a": 3197490290, "s": "BTCUSDT", "p": "71354.20", "q": "0.002", "nq": "0.002", "f": 7429400706, "l": 7429400706, "T": 1773378015232, "m": true}}
{"local_ts": 1773378015519, "server_ts": 1773378015232, "data": {"e": "aggTrade", "E": 1773378015237, "a": 3197490291, "s": "BTCUSDT", "p": "71354.10", "q": "0.001", "nq": "0.001", "f": 7429400707, "l": 7429400707, "T": 1773378015232, "m": true}}
{"local_ts": 1773378015520, "server_ts": 1773378015232, "data": {"e": "aggTrade", "E": 1773378015242, "a": 3197490292, "s": "BTCUSDT", "p": "71354.00", "q": "0.002", "nq": "0.002", "f": 7429400708, "l": 7429400708, "T": 1773378015232, "m": true}}
{"local_ts": 1773378015520, "server_ts": 1773378015235, "data": {"e": "aggTrade", "E": 1773378015242, "a": 3197490293, "s": "BTCUSDT", "p": "71353.70", "q": "0.002", "nq": "0.002", "f": 7429400709, "l": 7429400710, "T": 1773378015235, "m": true}}
{"local_ts": 1773378015521, "server_ts": 1773378015235, "data": {"e": "aggTrade", "E": 1773378015242, "a": 3197490294, "s": "BTCUSDT", "p": "71353.30", "q": "0.003", "nq": "0.003", "f": 7429400711, "l": 7429400712, "T": 1773378015235, "m": true}}
{"local_ts": 1773378015652, "server_ts": 1773378015235, "data": {"e": "aggTrade", "E": 1773378015375, "a": 3197490295, "s": "BTCUSDT", "p": "71353.20", "q": "0.004", "nq": "0.004", "f": 7429400713, "l": 7429400714, "T": 1773378015235, "m": true}}
{"local_ts": 1773378015791, "server_ts": 1773378015373, "data": {"e": "aggTrade", "E": 1773378015512, "a": 3197490296, "s": "BTCUSDT", "p": "71353.20", "q": "0.008", "nq": "0.008", "f": 7429400715, "l": 7429400715, "T": 1773378015373, "m": false}}
{"local_ts": 1773378015941, "server_ts": 1773378015510, "data": {"e": "aggTrade", "E": 1773378015664, "a": 3197490297, "s": "BTCUSDT", "p": "71353.20", "q": "0.004", "nq": "0.004", "f": 7429400716, "l": 7429400716, "T": 1773378015510, "m": false}}
{"local_ts": 1773378016055, "server_ts": 1773378015683, "data": {"e": "aggTrade", "E": 1773378015779, "a": 3197490298, "s": "BTCUSDT", "p": "71353.10", "q": "1.202", "nq": "1.202", "f": 7429400717, "l": 7429400730, "T": 1773378015683, "m": true}}
{"local_ts": 1773378016204, "server_ts": 1773378015777, "data": {"e": "aggTrade", "E": 1773378015930, "a": 3197490299, "s": "BTCUSDT", "p": "71353.20", "q": "0.003", "nq": "0.003", "f": 7429400731, "l": 7429400731, "T": 1773378015777, "m": false}}
{"local_ts": 1773378016673, "server_ts": 1773378016379, "data": {"e": "aggTrade", "E": 1773378016397, "a": 3197490300, "s": "BTCUSDT", "p": "71353.10", "q": "0.002", "nq": "0.002", "f": 7429400732, "l": 7429400732, "T": 1773378016379, "m": true}}
{"local_ts": 1773378016730, "server_ts": 1773378016396, "data": {"e": "aggTrade", "E": 1773378016452, "a": 3197490301, "s": "BTCUSDT", "p": "71353.20", "q": "0.008", "nq": "0.008", "f": 7429400733, "l": 7429400733, "T": 1773378016396, "m": false}}
{"local_ts": 1773378016731, "server_ts": 1773378016449, "data": {"e": "aggTrade", "E": 1773378016453, "a": 3197490302, "s": "BTCUSDT", "p": "71353.10", "q": "0.127", "nq": "0.127", "f": 7429400734, "l": 7429400743, "T": 1773378016449, "m": true}}
{"local_ts": 1773378016731, "server_ts": 1773378016449, "data": {"e": "aggTrade", "E": 1773378016453, "a": 3197490303, "s": "BTCUSDT", "p": "71353.00", "q": "0.002", "nq": "0.002", "f": 7429400744, "l": 7429400744, "T": 1773378016449, "m": true}}
{"local_ts": 1773378016732, "server_ts": 1773378016449, "data": {"e": "aggTrade", "E": 1773378016453, "a": 3197490304, "s": "BTCUSDT", "p": "71352.90", "q": "0.002", "nq": "0.002", "f": 7429400745, "l": 7429400745, "T": 1773378016449, "m": true}}
{"local_ts": 1773378016732, "server_ts": 1773378016449, "data": {"e": "aggTrade", "E": 1773378016453, "a": 3197490305, "s": "BTCUSDT", "p": "71352.60", "q": "0.003", "nq": "0.003", "f": 7429400746, "l": 7429400747, "T": 1773378016449, "m": true}}
{"local_ts": 1773378016733, "server_ts": 1773378016449, "data": {"e": "aggTrade", "E": 1773378016453, "a": 3197490306, "s": "BTCUSDT", "p": "71352.40", "q": "0.002", "nq": "0.002", "f": 7429400748, "l": 7429400748, "T": 1773378016449, "m": true}}
{"local_ts": 1773378016880, "server_ts": 1773378016449, "data": {"e": "aggTrade", "E": 1773378016604, "a": 3197490307, "s": "BTCUSDT", "p": "71352.30", "q": "0.001", "nq": "0.001", "f": 7429400749, "l": 7429400749, "T": 1773378016449, "m": true}}
{"local_ts": 1773378017648, "server_ts": 1773378017280, "data": {"e": "aggTrade", "E": 1773378017371, "a": 3197490308, "s": "BTCUSDT", "p": "71352.20", "q": "0.002", "nq": "0.002", "f": 7429400750, "l": 7429400750, "T": 1773378017280, "m": true}}
{"local_ts": 1773378017798, "server_ts": 1773378017369, "data": {"e": "aggTrade", "E": 1773378017522, "a": 3197490309, "s": "BTCUSDT", "p": "71352.30", "q": "0.008", "nq": "0.008", "f": 7429400751, "l": 7429400751, "T": 1773378017369, "m": false}}
{"local_ts": 1773378017975, "server_ts": 1773378017545, "data": {"e": "aggTrade", "E": 1773378017699, "a": 3197490310, "s": "BTCUSDT", "p": "71352.30", "q": "0.252", "nq": "0.252", "f": 7429400752, "l": 7429400752, "T": 1773378017545, "m": false}}
{"local_ts": 1773378018118, "server_ts": 1773378017710, "data": {"e": "aggTrade", "E": 1773378017842, "a": 3197490311, "s": "BTCUSDT", "p": "71352.20", "q": "0.026", "nq": "0.026", "f": 7429400753, "l": 7429400754, "T": 1773378017710, "m": true}}
{"local_ts": 1773378018274, "server_ts": 1773378017839, "data": {"e": "aggTrade", "E": 1773378017993, "a": 3197490312, "s": "BTCUSDT", "p": "71352.20", "q": "0.020", "nq": "0.020", "f": 7429400755, "l": 7429400755, "T": 1773378017839, "m": true}}
{"local_ts": 1773378018848, "server_ts": 1773378018417, "data": {"e": "aggTrade", "E": 1773378018571, "a": 3197490313, "s": "BTCUSDT", "p": "71352.30", "q": "0.008", "nq": "0.008", "f": 7429400756, "l": 7429400756, "T": 1773378018417, "m": false}}
{"local_ts": 1773378018885, "server_ts": 1773378018604, "data": {"e": "aggTrade", "E": 1773378018608, "a": 3197490314, "s": "BTCUSDT", "p": "71352.20", "q": "0.479", "nq": "0.479", "f": 7429400757, "l": 7429400766, "T": 1773378018604, "m": true}}
{"local_ts": 1773378018889, "server_ts": 1773378018604, "data": {"e": "aggTrade", "E": 1773378018613, "a": 3197490315, "s": "BTCUSDT", "p": "71352.10", "q": "0.777", "nq": "0.777", "f": 7429400767, "l": 7429400772, "T": 1773378018604, "m": true}}
{"local_ts": 1773378018896, "server_ts": 1773378018608, "data": {"e": "aggTrade", "E": 1773378018621, "a": 3197490316, "s": "BTCUSDT", "p": "71352.00", "q": "0.013", "nq": "0.013", "f": 7429400773, "l": 7429400779, "T": 1773378018608, "m": true}}
{"local_ts": 1773378018899, "server_ts": 1773378018617, "data": {"e": "aggTrade", "E": 1773378018623, "a": 3197490317, "s": "BTCUSDT", "p": "71351.90", "q": "0.020", "nq": "0.020", "f": 7429400780, "l": 7429400783, "T": 1773378018617, "m": true}}
{"local_ts": 1773378018900, "server_ts": 1773378018620, "data": {"e": "aggTrade", "E": 1773378018623, "a": 3197490318, "s": "BTCUSDT", "p": "71351.80", "q": "0.005", "nq": "0.005", "f": 7429400784, "l": 7429400785, "T": 1773378018620, "m": true}}
{"local_ts": 1773378018900, "server_ts": 1773378018620, "data": {"e": "aggTrade", "E": 1773378018623, "a": 3197490319, "s": "BTCUSDT", "p": "71351.60", "q": "0.007", "nq": "0.007", "f": 7429400786, "l": 7429400786, "T": 1773378018620, "m": true}}
{"local_ts": 1773378018904, "server_ts": 1773378018620, "data": {"e": "aggTrade", "E": 1773378018627, "a": 3197490320, "s": "BTCUSDT", "p": "71351.40", "q": "0.006", "nq": "0.006", "f": 7429400787, "l": 7429400788, "T": 1773378018620, "m": true}}
{"local_ts": 1773378018904, "server_ts": 1773378018624, "data": {"e": "aggTrade", "E": 1773378018627, "a": 3197490321, "s": "BTCUSDT", "p": "71351.30", "q": "0.002", "nq": "0.002", "f": 7429400789, "l": 7429400790, "T": 1773378018624, "m": true}}
{"local_ts": 1773378018905, "server_ts": 1773378018624, "data": {"e": "aggTrade", "E": 1773378018627, "a": 3197490322, "s": "BTCUSDT", "p": "71351.00", "q": "0.006", "nq": "0.006", "f": 7429400791, "l": 7429400793, "T": 1773378018624, "m": true}}
{"local_ts": 1773378018908, "server_ts": 1773378018624, "data": {"e": "aggTrade", "E": 1773378018632, "a": 3197490323, "s": "BTCUSDT", "p": "71350.90", "q": "0.003", "nq": "0.003", "f": 7429400794, "l": 7429400795, "T": 1773378018624, "m": true}}
{"local_ts": 1773378018909, "server_ts": 1773378018629, "data": {"e": "aggTrade", "E": 1773378018633, "a": 3197490324, "s": "BTCUSDT", "p": "71350.80", "q": "0.004", "nq": "0.004", "f": 7429400796, "l": 7429400797, "T": 1773378018629, "m": true}}
{"local_ts": 1773378018910, "server_ts": 1773378018631, "data": {"e": "aggTrade", "E": 1773378018633, "a": 3197490325, "s": "BTCUSDT", "p": "71350.60", "q": "0.003", "nq": "0.003", "f": 7429400798, "l": 7429400798, "T": 1773378018631, "m": true}}
{"local_ts": 1773378018910, "server_ts": 1773378018631, "data": {"e": "aggTrade", "E": 1773378018633, "a": 3197490326, "s": "BTCUSDT", "p": "71350.50", "q": "0.001", "nq": "0.001", "f": 7429400799, "l": 7429400799, "T": 1773378018631, "m": true}}
{"local_ts": 1773378018911, "server_ts": 1773378018631, "data": {"e": "aggTrade", "E": 1773378018633, "a": 3197490327, "s": "BTCUSDT", "p": "71350.40", "q": "0.002", "nq": "0.002", "f": 7429400800, "l": 7429400800, "T": 1773378018631, "m": true}}
{"local_ts": 1773378018911, "server_ts": 1773378018631, "data": {"e": "aggTrade", "E": 1773378018633, "a": 3197490328, "s": "BTCUSDT", "p": "71350.30", "q": "0.005", "nq": "0.005", "f": 7429400801, "l": 7429400804, "T": 1773378018631, "m": true}}
{"local_ts": 1773378018915, "server_ts": 1773378018631, "data": {"e": "aggTrade", "E": 1773378018638, "a": 3197490329, "s": "BTCUSDT", "p": "71350.20", "q": "0.003", "nq": "0.003", "f": 7429400805, "l": 7429400806, "T": 1773378018631, "m": true}}
{"local_ts": 1773378018918, "server_ts": 1773378018635, "data": {"e": "aggTrade", "E": 1773378018641, "a": 3197490330, "s": "BTCUSDT", "p": "71350.10", "q": "0.009", "nq": "0.009", "f": 7429400807, "l": 7429400810, "T": 1773378018635, "m": true}}
{"local_ts": 1773378018919, "server_ts": 1773378018637, "data": {"e": "aggTrade", "E": 1773378018641, "a": 3197490331, "s": "BTCUSDT", "p": "71350.00", "q": "0.004", "nq": "0.004", "f": 7429400811, "l": 7429400812, "T": 1773378018637, "m": true}}
{"local_ts": 1773378018919, "server_ts": 1773378018637, "data": {"e": "aggTrade", "E": 1773378018643, "a": 3197490332, "s": "BTCUSDT", "p": "71349.80", "q": "0.005", "nq": "0.005", "f": 7429400813, "l": 7429400816, "T": 1773378018637, "m": true}}
{"local_ts": 1773378018920, "server_ts": 1773378018640, "data": {"e": "aggTrade", "E": 1773378018643, "a": 3197490333, "s": "BTCUSDT", "p": "71349.60", "q": "0.007", "nq": "0.007", "f": 7429400817, "l": 7429400817, "T": 1773378018640, "m": true}}
{"local_ts": 1773378019070, "server_ts": 1773378018640, "data": {"e": "aggTrade", "E": 1773378018794, "a": 3197490334, "s": "BTCUSDT", "p": "71349.50", "q": "0.001", "nq": "0.001", "f": 7429400818, "l": 7429400818, "T": 1773378018640, "m": true}}
{"local_ts": 1773378019310, "server_ts": 1773378018880, "data": {"e": "aggTrade", "E": 1773378019033, "a": 3197490335, "s": "BTCUSDT", "p": "71349.20", "q": "0.009", "nq": "0.009", "f": 7429400819, "l": 7429400820, "T": 1773378018880, "m": true}}
{"local_ts": 1773378019713, "server_ts": 1773378019282, "data": {"e": "aggTrade", "E": 1773378019436, "a": 3197490336, "s": "BTCUSDT", "p": "71349.30", "q": "0.035", "nq": "0.035", "f": 7429400821, "l": 7429400822, "T": 1773378019282, "m": false}}
{"local_ts": 1773378020010, "server_ts": 1773378019726, "data": {"e": "aggTrade", "E": 1773378019733, "a": 3197490337, "s": "BTCUSDT", "p": "71349.20", "q": "0.793", "nq": "0.793", "f": 7429400823, "l": 7429400832, "T": 1773378019726, "m": true}}
{"local_ts": 1773378020011, "server_ts": 1773378019727, "data": {"e": "aggTrade", "E": 1773378019733, "a": 3197490338, "s": "BTCUSDT", "p": "71349.00", "q": "0.007", "nq": "0.007", "f": 7429400833, "l": 7429400835, "T": 1773378019727, "m": true}}
{"local_ts": 1773378020013, "server_ts": 1773378019727, "data": {"e": "aggTrade", "E": 1773378019736, "a": 3197490339, "s": "BTCUSDT", "p": "71348.90", "q": "0.019", "nq": "0.019", "f": 7429400836, "l": 7429400837, "T": 1773378019727, "m": true}}
{"local_ts": 1773378020013, "server_ts": 1773378019729, "data": {"e": "aggTrade", "E": 1773378019736, "a": 3197490340, "s": "BTCUSDT", "p": "71348.70", "q": "0.002", "nq": "0.002", "f": 7429400838, "l": 7429400839, "T": 1773378019729, "m": true}}
{"local_ts": 1773378020013, "server_ts": 1773378019729, "data": {"e": "aggTrade", "E": 1773378019736, "a": 3197490341, "s": "BTCUSDT", "p": "71348.60", "q": "0.007", "nq": "0.007", "f": 7429400840, "l": 7429400842, "T": 1773378019729, "m": true}}
{"local_ts": 1773378020014, "server_ts": 1773378019729, "data": {"e": "aggTrade", "E": 1773378019737, "a": 3197490342, "s": "BTCUSDT", "p": "71348.30", "q": "0.003", "nq": "0.003", "f": 7429400843, "l": 7429400844, "T": 1773378019729, "m": true}}
{"local_ts": 1773378020018, "server_ts": 1773378019730, "data": {"e": "aggTrade", "E": 1773378019741, "a": 3197490343, "s": "BTCUSDT", "p": "71348.20", "q": "0.001", "nq": "0.001", "f": 7429400845, "l": 7429400845, "T": 1773378019730, "m": true}}
{"local_ts": 1773378020018, "server_ts": 1773378019734, "data": {"e": "aggTrade", "E": 1773378019742, "a": 3197490344, "s": "BTCUSDT", "p": "71348.10", "q": "0.004", "nq": "0.004", "f": 7429400846, "l": 7429400847, "T": 1773378019734, "m": true}}
{"local_ts": 1773378020020, "server_ts": 1773378019735, "data": {"e": "aggTrade", "E": 1773378019742, "a": 3197490345, "s": "BTCUSDT", "p": "71348.00", "q": "0.002", "nq": "0.002", "f": 7429400848, "l": 7429400848, "T": 1773378019735, "m": true}}
{"local_ts": 1773378020020, "server_ts": 1773378019735, "data": {"e": "aggTrade", "E": 1773378019742, "a": 3197490346, "s": "BTCUSDT", "p": "71347.80", "q": "0.001", "nq": "0.001", "f": 7429400849, "l": 7429400849, "T": 1773378019735, "m": true}}
{"local_ts": 1773378020021, "server_ts": 1773378019735, "data": {"e": "aggTrade", "E": 1773378019742, "a": 3197490347, "s": "BTCUSDT", "p": "71347.70", "q": "0.001", "nq": "0.001", "f": 7429400850, "l": 7429400850, "T": 1773378019735, "m": true}}
{"local_ts": 1773378020021, "server_ts": 1773378019735, "data": {"e": "aggTrade", "E": 1773378019742, "a": 3197490348, "s": "BTCUSDT", "p": "71347.50", "q": "0.009", "nq": "0.009", "f": 7429400851, "l": 7429400855, "T": 1773378019735, "m": true}}
{"local_ts": 1773378020021, "server_ts": 1773378019736, "data": {"e": "aggTrade", "E": 1773378019742, "a": 3197490349, "s": "BTCUSDT", "p": "71347.40", "q": "0.002", "nq": "0.002", "f": 7429400856, "l": 7429400856, "T": 1773378019736, "m": true}}
{"local_ts": 1773378020022, "server_ts": 1773378019736, "data": {"e": "aggTrade", "E": 1773378019742, "a": 3197490350, "s": "BTCUSDT", "p": "71347.30", "q": "0.001", "nq": "0.001", "f": 7429400857, "l": 7429400857, "T": 1773378019736, "m": true}}
{"local_ts": 1773378020022, "server_ts": 1773378019736, "data": {"e": "aggTrade", "E": 1773378019742, "a": 3197490351, "s": "BTCUSDT", "p": "71347.20", "q": "0.001", "nq": "0.001", "f": 7429400858, "l": 7429400858, "T": 1773378019736, "m": true}}
{"local_ts": 1773378020022, "server_ts": 1773378019736, "data": {"e": "aggTrade", "E": 1773378019742, "a": 3197490352, "s": "BTCUSDT", "p": "71347.10", "q": "0.003", "nq": "0.003", "f": 7429400859, "l": 7429400859, "T": 1773378019736, "m": true}}
{"local_ts": 1773378020023, "server_ts": 1773378019736, "data": {"e": "aggTrade", "E": 1773378019742, "a": 3197490353, "s": "BTCUSDT", "p": "71347.00", "q": "0.001", "nq": "0.001", "f": 7429400860, "l": 7429400860, "T": 1773378019736, "m": true}}
{"local_ts": 1773378020023, "server_ts": 1773378019736, "data": {"e": "aggTrade", "E": 1773378019742, "a": 3197490354, "s": "BTCUSDT", "p": "71346.60", "q": "0.003", "nq": "0.003", "f": 7429400861, "l": 7429400862, "T": 1773378019736, "m": true}}
{"local_ts": 1773378020023, "server_ts": 1773378019736, "data": {"e": "aggTrade", "E": 1773378019742, "a": 3197490355, "s": "BTCUSDT", "p": "71346.50", "q": "0.003", "nq": "0.003", "f": 7429400863, "l": 7429400863, "T": 1773378019736, "m": true}}
{"local_ts": 1773378020024, "server_ts": 1773378019736, "data": {"e": "aggTrade", "E": 1773378019742, "a": 3197490356, "s": "BTCUSDT", "p": "71346.40", "q": "0.006", "nq": "0.006", "f": 7429400864, "l": 7429400865, "T": 1773378019736, "m": true}}
{"local_ts": 1773378020154, "server_ts": 1773378019736, "data": {"e": "aggTrade", "E": 1773378019877, "a": 3197490357, "s": "BTCUSDT", "p": "71346.30", "q": "0.006", "nq": "0.006", "f": 7429400866, "l": 7429400868, "T": 1773378019736, "m": true}}
{"local_ts": 1773378020156, "server_ts": 1773378019874, "data": {"e": "aggTrade", "E": 1773378019880, "a": 3197490358, "s": "BTCUSDT", "p": "71346.20", "q": "0.034", "nq": "0.034", "f": 7429400869, "l": 7429400873, "T": 1773378019874, "m": true}}
{"local_ts": 1773378020157, "server_ts": 1773378019876, "data": {"e": "aggTrade", "E": 1773378019880, "a": 3197490359, "s": "BTCUSDT", "p": "71346.10", "q": "0.003", "nq": "0.003", "f": 7429400874, "l": 7429400874, "T": 1773378019876, "m": true}}
{"local_ts": 1773378020157, "server_ts": 1773378019876, "data": {"e": "aggTrade", "E": 1773378019880, "a": 3197490360, "s": "BTCUSDT", "p": "71346.00", "q": "0.009", "nq": "0.009", "f": 7429400875, "l": 7429400876, "T": 1773378019876, "m": true}}
{"local_ts": 1773378020160, "server_ts": 1773378019876, "data": {"e": "aggTrade", "E": 1773378019884, "a": 3197490361, "s": "BTCUSDT", "p": "71345.80", "q": "0.002", "nq": "0.002", "f": 7429400877, "l": 7429400877, "T": 1773378019876, "m": true}}
{"local_ts": 1773378020161, "server_ts": 1773378019880, "data": {"e": "aggTrade", "E": 1773378019886, "a": 3197490362, "s": "BTCUSDT", "p": "71345.70", "q": "0.010", "nq": "0.010", "f": 7429400878, "l": 7429400879, "T": 1773378019880, "m": true}}
{"local_ts": 1773378020173, "server_ts": 1773378019882, "data": {"e": "aggTrade", "E": 1773378019888, "a": 3197490363, "s": "BTCUSDT", "p": "71345.60", "q": "0.016", "nq": "0.016", "f": 7429400880, "l": 7429400882, "T": 1773378019882, "m": true}}
{"local_ts": 1773378020174, "server_ts": 1773378019885, "data": {"e": "aggTrade", "E": 1773378019888, "a": 3197490364, "s": "BTCUSDT", "p": "71345.50", "q": "0.005", "nq": "0.005", "f": 7429400883, "l": 7429400884, "T": 1773378019885, "m": true}}
