{"local_ts": 1773384470869, "server_ts": 1773384470498, "data": {"e": "aggTrade", "E": 1773384470652, "a": 3197603854, "s": "BTCUSDT", "p": "71274.60", "q": "0.007", "nq": "0.007", "f": 7429672500, "l": 7429672500, "T": 1773384470498, "m": false}}
{"local_ts": 1773384471212, "server_ts": 1773384470920, "data": {"e": "aggTrade", "E": 1773384470994, "a": 3197603855, "s": "BTCUSDT", "p": "71274.60", "q": "0.280", "nq": "0.280", "f": 7429672501, "l": 7429672501, "T": 1773384470920, "m": false}}
{"local_ts": 1773384471364, "server_ts": 1773384470991, "data": {"e": "aggTrade", "E": 1773384471145, "a": 3197603856, "s": "BTCUSDT", "p": "71274.50", "q": "0.004", "nq": "0.004", "f": 7429672502, "l": 7429672502, "T": 1773384470991, "m": true}}
{"local_ts": 1773384471781, "server_ts": 1773384471446, "data": {"e": "aggTrade", "E": 1773384471554, "a": 3197603857, "s": "BTCUSDT", "p": "71274.60", "q": "0.253", "nq": "0.253", "f": 7429672503, "l": 7429672503, "T": 1773384471446, "m": false}}
{"local_ts": 1773384471855, "server_ts": 1773384471552, "data": {"e": "aggTrade", "E": 1773384471636, "a": 3197603858, "s": "BTCUSDT", "p": "71274.60", "q": "0.002", "nq": "0.002", "f": 7429672504, "l": 7429672504, "T": 1773384471552, "m": false}}
{"local_ts": 1773384471891, "server_ts": 1773384471633, "data": {"e": "aggTrade", "E": 1773384471667, "a": 3197603859, "s": "BTCUSDT", "p": "71274.50", "q": "0.806", "nq": "0.806", "f": 7429672505, "l": 7429672516, "T": 1773384471633, "m": true}}
{"local_ts": 1773384471892, "server_ts": 1773384471662, "data": {"e": "aggTrade", "E": 1773384471667, "a": 3197603860, "s": "BTCUSDT", "p": "71274.40", "q": "0.007", "nq": "0.007", "f": 7429672517, "l": 7429672519, "T": 1773384471662, "m": true}}
{"local_ts": 1773384471892, "server_ts": 1773384471662, "data": {"e": "aggTrade", "E": 1773384471667, "a": 3197603861, "s": "BTCUSDT", "p": "71274.10", "q": "0.002", "nq": "0.002", "f": 7429672520, "l": 7429672520, "T": 1773384471662, "m": true}}
{"local_ts": 1773384471892, "server_ts": 1773384471662, "data": {"e": "aggTrade", "E": 1773384471667, "a": 3197603862, "s": "BTCUSDT", "p": "71274.00", "q": "0.004", "nq": "0.004", "f": 7429672521, "l": 7429672522, "T": 1773384471662, "m": true}}
{"local_ts": 1773384471892, "server_ts": 1773384471662, "data": {"e": "aggTrade", "E": 1773384471667, "a": 3197603863, "s": "BTCUSDT", "p": "71273.80", "q": "0.002", "nq": "0.002", "f": 7429672523, "l": 7429672523, "T": 1773384471662, "m": true}}
{"local_ts": 1773384471893, "server_ts": 1773384471662, "data": {"e": "aggTrade", "E": 1773384471667, "a": 3197603864, "s": "BTCUSDT", "p": "71273.50", "q": "0.004", "nq": "0.004", "f": 7429672524, "l": 7429672525, "T": 1773384471662, "m": true}}
{"local_ts": 1773384471893, "server_ts": 1773384471662, "data": {"e": "aggTrade", "E": 1773384471667, "a": 3197603865, "s": "BTCUSDT", "p": "71273.40", "q": "0.002", "nq": "0.002", "f": 7429672526, "l": 7429672527, "T": 1773384471662, "m": true}}
{"local_ts": 1773384471893, "server_ts": 1773384471662, "data": {"e": "aggTrade", "E": 1773384471667, "a": 3197603866, "s": "BTCUSDT", "p": "71273.30", "q": "0.162", "nq": "0.162", "f": 7429672528, "l": 7429672536, "T": 1773384471662, "m": true}}
{"local_ts": 1773384471893, "server_ts": 1773384471662, "data": {"e": "aggTrade", "E": 1773384471667, "a": 3197603867, "s": "BTCUSDT", "p": "71273.20", "q": "0.009", "nq": "0.009", "f": 7429672537, "l": 7429672537, "T": 1773384471662, "m": true}}
{"local_ts": 1773384471893, "server_ts": 1773384471662, "data": {"e": "aggTrade", "E": 1773384471667, "a": 3197603868, "s": "BTCUSDT", "p": "71273.00", "q": "0.129", "nq": "0.129", "f": 7429672538, "l": 7429672543, "T": 1773384471662, "m": true}}
{"local_ts": 1773384471894, "server_ts": 1773384471662, "data": {"e": "aggTrade", "E": 1773384471667, "a": 3197603869, "s": "BTCUSDT", "p": "71272.90", "q": "0.004", "nq": "0.004", "f": 7429672544, "l": 7429672545, "T": 1773384471662, "m": true}}
{"local_ts": 1773384471894, "server_ts": 1773384471662, "data": {"e": "aggTrade", "E": 1773384471667, "a": 3197603870, "s": "BTCUSDT", "p": "71272.70", "q": "0.003", "nq": "0.003", "f": 7429672546, "l": 7429672547, "T": 1773384471662, "m": true}}
{"local_ts": 1773384471894, "server_ts": 1773384471662, "data": {"e": "aggTrade", "E": 1773384471667, "a": 3197603871, "s": "BTCUSDT", "p": "71272.50", "q": "0.003", "nq": "0.003", "f": 7429672548, "l": 7429672549, "T": 1773384471662, "m": true}}
{"local_ts": 1773384471895, "server_ts": 1773384471662, "data": {"e": "aggTrade", "E": 1773384471667, "a": 3197603872, "s": "BTCUSDT", "p": "71272.20", "q": "0.003", "nq": "0.003", "f": 7429672550, "l": 7429672550, "T": 1773384471662, "m": true}}
{"local_ts": 1773384471895, "server_ts": 1773384471662, "data": {"e": "aggTrade", "E": 1773384471669, "a": 3197603873, "s": "BTCUSDT", "p": "71272.00", "q": "0.006", "nq": "0.006", "f": 7429672551, "l": 7429672554, "T": 1773384471662, "m": true}}
{"local_ts": 1773384471895, "server_ts": 1773384471664, "data": {"e": "aggTrade", "E": 1773384471669, "a": 3197603874, "s": "BTCUSDT", "p": "71271.80", "q": "0.002", "nq": "0.002", "f": 7429672555, "l": 7429672555, "T": 1773384471664, "m": true}}
{"local_ts": 1773384471895, "server_ts": 1773384471664, "data": {"e": "aggTrade", "E": 1773384471669, "a": 3197603875, "s": "BTCUSDT", "p": "71271.70", "q": "0.180", "nq": "0.180", "f": 7429672556, "l": 7429672559, "T": 1773384471664, "m": true}}
{"local_ts": 1773384471895, "server_ts": 1773384471664, "data": {"e": "aggTrade", "E": 1773384471669, "a": 3197603876, "s": "BTCUSDT", "p": "71271.60", "q": "0.005", "nq": "0.005", "f": 7429672560, "l": 7429672561, "T": 1773384471664, "m": true}}
{"local_ts": 1773384471896, "server_ts": 1773384471664, "data": {"e": "aggTrade", "E": 1773384471669, "a": 3197603877, "s": "BTCUSDT", "p": "71271.50", "q": "0.001", "nq": "0.001", "f": 7429672562, "l": 7429672562, "T": 1773384471664, "m": true}}
{"local_ts": 1773384471896, "server_ts": 1773384471664, "data": {"e": "aggTrade", "E": 1773384471670, "a": 3197603878, "s": "BTCUSDT", "p": "71271.40", "q": "0.125", "nq": "0.125", "f": 7429672563, "l": 7429672566, "T": 1773384471664, "m": true}}
{"local_ts": 1773384471896, "server_ts": 1773384471665, "data": {"e": "aggTrade", "E": 1773384471670, "a": 3197603879, "s": "BTCUSDT", "p": "71271.10", "q": "0.027", "nq": "0.027", "f": 7429672567, "l": 7429672568, "T": 1773384471665, "m": true}}
{"local_ts": 1773384471897, "server_ts": 1773384471665, "data": {"e": "aggTrade", "E": 1773384471670, "a": 3197603880, "s": "BTCUSDT", "p": "71270.80", "q": "0.002", "nq": "0.002", "f": 7429672569, "l": 7429672569, "T": 1773384471665, "m": true}}
{"local_ts": 1773384471897, "server_ts": 1773384471665, "data": {"e": "aggTrade", "E": 1773384471671, "a": 3197603881, "s": "BTCUSDT", "p": "71270.70", "q": "0.004", "nq": "0.004", "f": 7429672570, "l": 7429672572, "T": 1773384471665, "m": true}}
{"local_ts": 1773384471898, "server_ts": 1773384471665, "data": {"e": "aggTrade", "E": 1773384471671, "a": 3197603882, "s": "BTCUSDT", "p": "71270.60", "q": "0.210", "nq": "0.210", "f": 7429672573, "l": 7429672574, "T": 1773384471665, "m": true}}
{"local_ts": 1773384471898, "server_ts": 1773384471666, "data": {"e": "aggTrade", "E": 1773384471671, "a": 3197603883, "s": "BTCUSDT", "p": "71270.50", "q": "0.002", "nq": "0.002", "f": 7429672575, "l": 7429672575, "T": 1773384471666, "m": true}}
{"local_ts": 1773384471898, "server_ts": 1773384471666, "data": {"e": "aggTrade", "E": 1773384471671, "a": 3197603884, "s": "BTCUSDT", "p": "71270.40", "q": "0.006", "nq": "0.006", "f": 7429672576, "l": 7429672577, "T": 1773384471666, "m": true}}
{"local_ts": 1773384471898, "server_ts": 1773384471666, "data": {"e": "aggTrade", "E": 1773384471672, "a": 3197603885, "s": "BTCUSDT", "p": "71270.30", "q": "0.007", "nq": "0.007", "f": 7429672578, "l": 7429672581, "T": 1773384471666, "m": true}}
{"local_ts": 1773384471898, "server_ts": 1773384471666, "data": {"e": "aggTrade", "E": 1773384471672, "a": 3197603886, "s": "BTCUSDT", "p": "71270.20", "q": "0.003", "nq": "0.003", "f": 7429672582, "l": 7429672583, "T": 1773384471666, "m": true}}
{"local_ts": 1773384471899, "server_ts": 1773384471666, "data": {"e": "aggTrade", "E": 1773384471672, "a": 3197603887, "s": "BTCUSDT", "p": "71270.10", "q": "0.002", "nq": "0.002", "f": 7429672584, "l": 7429672584, "T": 1773384471666, "m": true}}
{"local_ts": 1773384471899, "server_ts": 1773384471666, "data": {"e": "aggTrade", "E": 1773384471672, "a": 3197603888, "s": "BTCUSDT", "p": "71270.00", "q": "0.012", "nq": "0.012", "f": 7429672585, "l": 7429672588, "T": 1773384471666, "m": true}}
{"local_ts": 1773384471899, "server_ts": 1773384471666, "data": {"e": "aggTrade", "E": 1773384471672, "a": 3197603889, "s": "BTCUSDT", "p": "71269.90", "q": "0.002", "nq": "0.002", "f": 7429672589, "l": 7429672589, "T": 1773384471666, "m": true}}
{"local_ts": 1773384471899, "server_ts": 1773384471666, "data": {"e": "aggTrade", "E": 1773384471672, "a": 3197603890, "s": "BTCUSDT", "p": "71269.70", "q": "0.003", "nq": "0.003", "f": 7429672590, "l": 7429672591, "T": 1773384471666, "m": true}}
{"local_ts": 1773384471899, "server_ts": 1773384471666, "data": {"e": "aggTrade", "E": 1773384471672, "a": 3197603891, "s": "BTCUSDT", "p": "71269.60", "q": "0.001", "nq": "0.001", "f": 7429672592, "l": 7429672592, "T": 1773384471666, "m": true}}
{"local_ts": 1773384471900, "server_ts": 1773384471666, "data": {"e": "aggTrade", "E": 1773384471672, "a": 3197603892, "s": "BTCUSDT", "p": "71269.50", "q": "0.007", "nq": "0.007", "f": 7429672593, "l": 7429672595, "T": 1773384471666, "m": true}}
{"local_ts": 1773384471900, "server_ts": 1773384471666, "data": {"e": "aggTrade", "E": 1773384471672, "a": 3197603893, "s": "BTCUSDT", "p": "71269.30", "q": "0.001", "nq": "0.001", "f": 7429672596, "l": 7429672596, "T": 1773384471666, "m": true}}
{"local_ts": 1773384471900, "server_ts": 1773384471666, "data": {"e": "aggTrade", "E": 1773384471672, "a": 3197603894, "s": "BTCUSDT", "p": "71269.10", "q": "0.001", "nq": "0.001", "f": 7429672597, "l": 7429672597, "T": 1773384471666, "m": true}}
{"local_ts": 1773384471900, "server_ts": 1773384471666, "data": {"e": "aggTrade", "E": 1773384471672, "a": 3197603895, "s": "BTCUSDT", "p": "71269.00", "q": "0.098", "nq": "0.098", "f": 7429672598, "l": 7429672601, "T": 1773384471666, "m": true}}
{"local_ts": 1773384471900, "server_ts": 1773384471666, "data": {"e": "aggTrade", "E": 1773384471672, "a": 3197603896, "s": "BTCUSDT", "p": "71268.90", "q": "0.010", "nq": "0.010", "f": 7429672602, "l": 7429672605, "T": 1773384471666, "m": true}}
{"local_ts": 1773384471901, "server_ts": 1773384471666, "data": {"e": "aggTrade", "E": 1773384471672, "a": 3197603897, "s": "BTCUSDT", "p": "71268.50", "q": "0.003", "nq": "0.003", "f": 7429672606, "l": 7429672606, "T": 1773384471666, "m": true}}
{"local_ts": 1773384471901, "server_ts": 1773384471666, "data": {"e": "aggTrade", "E": 1773384471672, "a": 3197603898, "s": "BTCUSDT", "p": "71268.40", "q": "0.001", "nq": "0.001", "f": 7429672607, "l": 7429672607, "T": 1773384471666, "m": true}}
{"local_ts": 1773384471901, "server_ts": 1773384471666, "data": {"e": "aggTrade", "E": 1773384471672, "a": 3197603899, "s": "BTCUSDT", "p": "71268.20", "q": "0.005", "nq": "0.005", "f": 7429672608, "l": 7429672610, "T": 1773384471666, "m": true}}
{"local_ts": 1773384471901, "server_ts": 1773384471666, "data": {"e": "aggTrade", "E": 1773384471672, "a": 3197603900, "s": "BTCUSDT", "p": "71268.00", "q": "0.002", "nq": "0.002", "f": 7429672611, "l": 7429672611, "T": 1773384471666, "m": true}}
{"local_ts": 1773384471901, "server_ts": 1773384471666, "data": {"e": "aggTrade", "E": 1773384471672, "a": 3197603901, "s": "BTCUSDT", "p": "71267.90", "q": "0.003", "nq": "0.003", "f": 7429672612, "l": 7429672612, "T": 1773384471666, "m": true}}
{"local_ts": 1773384471902, "server_ts": 1773384471666, "data": {"e": "aggTrade", "E": 1773384471672, "a": 3197603902, "s": "BTCUSDT", "p": "71267.80", "q": "0.001", "nq": "0.001", "f": 7429672613, "l": 7429672613, "T": 1773384471666, "m": true}}
{"local_ts": 1773384471902, "server_ts": 1773384471666, "data": {"e": "aggTrade", "E": 1773384471672, "a": 3197603903, "s": "BTCUSDT", "p": "71267.70", "q": "0.024", "nq": "0.024", "f": 7429672614, "l": 7429672619, "T": 1773384471666, "m": true}}
{"local_ts": 1773384471919, "server_ts": 1773384471666, "data": {"e": "aggTrade", "E": 1773384471701, "a": 3197603904, "s": "BTCUSDT", "p": "71267.50", "q": "0.023", "nq": "0.023", "f": 7429672620, "l": 7429672626, "T": 1773384471666, "m": true}}
{"local_ts": 1773384471920, "server_ts": 1773384471686, "data": {"e": "aggTrade", "E": 1773384471701, "a": 3197603905, "s": "BTCUSDT", "p": "71267.40", "q": "0.009", "nq": "0.009", "f": 7429672627, "l": 7429672629, "T": 1773384471686, "m": true}}
{"local_ts": 1773384471929, "server_ts": 1773384471686, "data": {"e": "aggTrade", "E": 1773384471711, "a": 3197603906, "s": "BTCUSDT", "p": "71267.10", "q": "0.006", "nq": "0.006", "f": 7429672630, "l": 7429672633, "T": 1773384471686, "m": true}}
{"local_ts": 1773384471938, "server_ts": 1773384471704, "data": {"e": "aggTrade", "E": 1773384471715, "a": 3197603907, "s": "BTCUSDT", "p": "71267.00", "q": "0.005", "nq": "0.005", "f": 7429672634, "l": 7429672635, "T": 1773384471704, "m": true}}
{"local_ts": 1773384471938, "server_ts": 1773384471708, "data": {"e": "aggTrade", "E": 1773384471715, "a": 3197603908, "s": "BTCUSDT", "p": "71266.90", "q": "0.003", "nq": "0.003", "f": 7429672636, "l": 7429672636, "T": 1773384471708, "m": true}}
{"local_ts": 1773384471938, "server_ts": 1773384471708, "data": {"e": "aggTrade", "E": 1773384471715, "a": 3197603909, "s": "BTCUSDT", "p": "71266.80", "q": "0.001", "nq": "0.001", "f": 7429672637, "l": 7429672637, "T": 1773384471708, "m": true}}
{"local_ts": 1773384471939, "server_ts": 1773384471708, "data": {"e": "aggTrade", "E": 1773384471716, "a": 3197603910, "s": "BTCUSDT", "p": "71266.70", "q": "0.002", "nq": "0.002", "f": 7429672638, "l": 7429672638, "T": 1773384471708, "m": true}}
{"local_ts": 1773384471939, "server_ts": 1773384471712, "data": {"e": "aggTrade", "E": 1773384471719, "a": 3197603911, "s": "BTCUSDT", "p": "71266.60", "q": "0.005", "nq": "0.005", "f": 7429672639, "l": 7429672641, "T": 1773384471712, "m": true}}
{"local_ts": 1773384471958, "server_ts": 1773384471715, "data": {"e": "aggTrade", "E": 1773384471738, "a": 3197603912, "s": "BTCUSDT", "p": "71266.50", "q": "0.027", "nq": "0.027", "f": 7429672642, "l": 7429672644, "T": 1773384471715, "m": true}}
{"local_ts": 1773384471991, "server_ts": 1773384471734, "data": {"e": "aggTrade", "E": 1773384471774, "a": 3197603913, "s": "BTCUSDT", "p": "71266.20", "q": "0.014", "nq": "0.014", "f": 7429672645, "l": 7429672647, "T": 1773384471734, "m": true}}
{"local_ts": 1773384472014, "server_ts": 1773384471772, "data": {"e": "aggTrade", "E": 1773384471796, "a": 3197603914, "s": "BTCUSDT", "p": "71266.30", "q": "0.052", "nq": "0.052", "f": 7429672648, "l": 7429672648, "T": 1773384471772, "m": false}}
{"local_ts": 1773384472165, "server_ts": 1773384471794, "data": {"e": "aggTrade", "E": 1773384471947, "a": 3197603915, "s": "BTCUSDT", "p": "71266.20", "q": "0.177", "nq": "0.177", "f": 7429672649, "l": 7429672658, "T": 1773384471794, "m": true}}
{"local_ts": 1773384472363, "server_ts": 1773384471989, "data": {"e": "aggTrade", "E": 1773384472143, "a": 3197603916, "s": "BTCUSDT", "p": "71266.30", "q": "0.018", "nq": "0.018", "f": 7429672659, "l": 7429672659, "T": 1773384471989, "m": false}}
{"local_ts": 1773384472830, "server_ts": 1773384472456, "data": {"e": "aggTrade", "E": 1773384472609, "a": 3197603917, "s": "BTCUSDT", "p": "71266.30", "q": "0.066", "nq": "0.066", "f": 7429672660, "l": 7429672661, "T": 1773384472456, "m": false}}
{"local_ts": 1773384473749, "server_ts": 1773384473374, "data": {"e": "aggTrade", "E": 1773384473527, "a": 3197603918, "s": "BTCUSDT", "p": "71266.20", "q": "0.030", "nq": "0.030", "f": 7429672662, "l": 7429672664, "T": 1773384473374, "m": true}}
{"local_ts": 1773384474048, "server_ts": 1773384473675, "data": {"e": "aggTrade", "E": 1773384473828, "a": 3197603919, "s": "BTCUSDT", "p": "71266.20", "q": "0.002", "nq": "0.002", "f": 7429672665, "l": 7429672665, "T": 1773384473675, "m": true}}
{"local_ts": 1773384474212, "server_ts": 1773384473839, "data": {"e": "aggTrade", "E": 1773384473993, "a": 3197603920, "s": "BTCUSDT", "p": "71266.30", "q": "0.130", "nq": "0.130", "f": 7429672666, "l": 7429672666, "T": 1773384473839, "m": false}}
{"local_ts": 1773384475008, "server_ts": 1773384474637, "data": {"e": "aggTrade", "E": 1773384474790, "a": 3197603921, "s": "BTCUSDT", "p": "71266.20", "q": "0.028", "nq": "0.028", "f": 7429672667, "l": 7429672667, "T": 1773384474637, "m": true}}
{"local_ts": 1773384475278, "server_ts": 1773384474806, "data": {"e": "aggTrade", "E": 1773384474958, "a": 3197603922, "s": "BTCUSDT", "p": "71266.20", "q": "0.042", "nq": "0.042", "f": 7429672668, "l": 7429672669, "T": 1773384474806, "m": true}}
{"local_ts": 1773384475544, "server_ts": 1773384475173, "data": {"e": "aggTrade", "E": 1773384475326, "a": 3197603923, "s": "BTCUSDT", "p": "71266.20", "q": "0.010", "nq": "0.010", "f": 7429672670, "l": 7429672670, "T": 1773384475173, "m": true}}
{"local_ts": 1773384475756, "server_ts": 1773384475384, "data": {"e": "aggTrade", "E": 1773384475537, "a": 3197603924, "s": "BTCUSDT", "p": "71266.20", "q": "0.050", "nq": "0.050", "f": 7429672671, "l": 7429672672, "T": 1773384475384, "m": true}}
{"local_ts": 1773384476051, "server_ts": 1773384475813, "data": {"e": "aggTrade", "E": 1773384475833, "a": 3197603925, "s": "BTCUSDT", "p": "71266.20", "q": "2.100", "nq": "2.100", "f": 7429672673, "l": 7429672688, "T": 1773384475813, "m": true}}
{"local_ts": 1773384476118, "server_ts": 1773384475830, "data": {"e": "aggTrade", "E": 1773384475884, "a": 3197603926, "s": "BTCUSDT", "p": "71266.30", "q": "0.010", "nq": "0.010", "f": 7429672689, "l": 7429672689, "T": 1773384475830, "m": false}}
{"local_ts": 1773384476178, "server_ts": 1773384475882, "data": {"e": "aggTrade", "E": 1773384475931, "a": 3197603927, "s": "BTCUSDT", "p": "71266.20", "q": "0.036", "nq": "0.036", "f": 7429672690, "l": 7429672690, "T": 1773384475882, "m": true}}
{"local_ts": 1773384476959, "server_ts": 1773384475928, "data": {"e": "aggTrade", "E": 1773384476082, "a": 3197603928, "s": "BTCUSDT", "p": "71266.30", "q": "0.280", "nq": "0.280", "f": 7429672691, "l": 7429672700, "T": 1773384475928, "m": false}}
{"local_ts": 1773384476961, "server_ts": 1773384476105, "data": {"e": "aggTrade", "E": 1773384476128, "a": 3197603929, "s": "BTCUSDT", "p": "71266.30", "q": "0.002", "nq": "0.002", "f": 7429672701, "l": 7429672701, "T": 1773384476105, "m": false}}
{"local_ts": 1773384476962, "server_ts": 1773384476125, "data": {"e": "aggTrade", "E": 1773384476279, "a": 3197603930, "s": "BTCUSDT", "p": "71266.20", "q": "0.002", "nq": "0.002", "f": 7429672702, "l": 7429672702, "T": 1773384476125, "m": true}}
{"local_ts": 1773384477186, "server_ts": 1773384476962, "data": {"e": "aggTrade", "E": 1773384476969, "a": 3197603931, "s": "BTCUSDT", "p": "71266.30", "q": "0.257", "nq": "0.257", "f": 7429672703, "l": 7429672704, "T": 1773384476962, "m": false}}
{"local_ts": 1773384477338, "server_ts": 1773384476966, "data": {"e": "aggTrade", "E": 1773384477120, "a": 3197603932, "s": "BTCUSDT", "p": "71266.20", "q": "0.005", "nq": "0.005", "f": 7429672705, "l": 7429672705, "T": 1773384476966, "m": true}}
{"local_ts": 1773384477753, "server_ts": 1773384477380, "data": {"e": "aggTrade", "E": 1773384477534, "a": 3197603933, "s": "BTCUSDT", "p": "71266.30", "q": "0.028", "nq": "0.028", "f": 7429672706, "l": 7429672706, "T": 1773384477380, "m": false}}
{"local_ts": 1773384478353, "server_ts": 1773384478055, "data": {"e": "aggTrade", "E": 1773384478136, "a": 3197603934, "s": "BTCUSDT", "p": "71266.30", "q": "0.002", "nq": "0.002", "f": 7429672707, "l": 7429672707, "T": 1773384478055, "m": false}}
{"local_ts": 1773384478424, "server_ts": 1773384478134, "data": {"e": "aggTrade", "E": 1773384478202, "a": 3197603935, "s": "BTCUSDT", "p": "71266.20", "q": "0.013", "nq": "0.013", "f": 7429672708, "l": 7429672708, "T": 1773384478134, "m": true}}
{"local_ts": 1773384478571, "server_ts": 1773384478199, "data": {"e": "aggTrade", "E": 1773384478353, "a": 3197603936, "s": "BTCUSDT", "p": "71266.30", "q": "0.039", "nq": "0.039", "f": 7429672709, "l": 7429672709, "T": 1773384478199, "m": false}}
{"local_ts": 1773384479135, "server_ts": 1773384478766, "data": {"e": "aggTrade", "E": 1773384478918, "a": 3197603937, "s": "BTCUSDT", "p": "71266.20", "q": "0.009", "nq": "0.009", "f": 7429672710, "l": 7429672711, "T": 1773384478766, "m": true}}
{"local_ts": 1773384479933, "server_ts": 1773384479562, "data": {"e": "aggTrade", "E": 1773384479716, "a": 3197603938, "s": "BTCUSDT", "p": "71266.30", "q": "0.010", "nq": "0.010", "f": 7429672712, "l": 7429672712, "T": 1773384479562, "m": false}}
{"local_ts": 1773384480166, "server_ts": 1773384479796, "data": {"e": "aggTrade", "E": 1773384479949, "a": 3197603939, "s": "BTCUSDT", "p": "71266.30", "q": "0.010", "nq": "0.010", "f": 7429672713, "l": 7429672713, "T": 1773384479796, "m": false}}
{"local_ts": 1773384480323, "server_ts": 1773384479954, "data": {"e": "aggTrade", "E": 1773384480107, "a": 3197603940, "s": "BTCUSDT", "p": "71266.20", "q": "0.018", "nq": "0.018", "f": 7429672714, "l": 7429672714, "T": 1773384479954, "m": true}}
{"local_ts": 1773384480543, "server_ts": 1773384480324, "data": {"e": "aggTrade", "E": 1773384480327, "a": 3197603941, "s": "BTCUSDT", "p": "71266.20", "q": "0.133", "nq": "0.133", "f": 7429672715, "l": 7429672724, "T": 1773384480324, "m": true}}
{"local_ts": 1773384480544, "server_ts": 1773384480324, "data": {"e": "aggTrade", "E": 1773384480327, "a": 3197603942, "s": "BTCUSDT", "p": "71266.00", "q": "0.004", "nq": "0.004", "f": 7429672725, "l": 7429672726, "T": 1773384480324, "m": true}}
{"local_ts": 1773384480544, "server_ts": 1773384480324, "data": {"e": "aggTrade", "E": 1773384480327, "a": 3197603943, "s": "BTCUSDT", "p": "71265.90", "q": "0.002", "nq": "0.002", "f": 7429672727, "l": 7429672727, "T": 1773384480324, "m": true}}
{"local_ts": 1773384480544, "server_ts": 1773384480324, "data": {"e": "aggTrade", "E": 1773384480327, "a": 3197603944, "s": "BTCUSDT", "p": "71265.50", "q": "0.002", "nq": "0.002", "f": 7429672728, "l": 7429672728, "T": 1773384480324, "m": true}}
{"local_ts": 1773384480545, "server_ts": 1773384480324, "data": {"e": "aggTrade", "E": 1773384480327, "a": 3197603945, "s": "BTCUSDT", "p": "71265.40", "q": "0.002", "nq": "0.002", "f": 7429672729, "l": 7429672730, "T": 1773384480324, "m": true}}
{"local_ts": 1773384480545, "server_ts": 1773384480324, "data": {"e": "aggTrade", "E": 1773384480327, "a": 3197603946, "s": "BTCUSDT", "p": "71265.10", "q": "0.004", "nq": "0.004", "f": 7429672731, "l": 7429672731, "T": 1773384480324, "m": true}}
{"local_ts": 1773384480545, "server_ts": 1773384480324, "data": {"e": "aggTrade", "E": 1773384480327, "a": 3197603947, "s": "BTCUSDT", "p": "71265.00", "q": "0.002", "nq": "0.002", "f": 7429672732, "l": 7429672732, "T": 1773384480324, "m": true}}
{"local_ts": 1773384480546, "server_ts": 1773384480324, "data": {"e": "aggTrade", "E": 1773384480327, "a": 3197603948, "s": "BTCUSDT", "p": "71264.80", "q": "0.004", "nq": "0.004", "f": 7429672733, "l": 7429672735, "T": 1773384480324, "m": true}}
{"local_ts": 1773384480546, "server_ts": 1773384480324, "data": {"e": "aggTrade", "E": 1773384480327, "a": 3197603949, "s": "BTCUSDT", "p": "71264.60", "q": "0.005", "nq": "0.005", "f": 7429672736, "l": 7429672737, "T": 1773384480324, "m": true}}
{"local_ts": 1773384480547, "server_ts": 1773384480324, "data": {"e": "aggTrade", "E": 1773384480327, "a": 3197603950, "s": "BTCUSDT", "p": "71264.50", "q": "0.002", "nq": "0.002", "f": 7429672738, "l": 7429672738, "T": 1773384480324, "m": true}}
{"local_ts": 1773384480547, "server_ts": 1773384480324, "data": {"e": "aggTrade", "E": 1773384480327, "a": 3197603951, "s": "BTCUSDT", "p": "71264.30", "q": "0.002", "nq": "0.002", "f": 7429672739, "l": 7429672739, "T": 1773384480324, "m": true}}
{"local_ts": 1773384480547, "server_ts": 1773384480324, "data": {"e": "aggTrade", "E": 1773384480327, "a": 3197603952, "s": "BTCUSDT", "p": "71264.20", "q": "0.001", "nq": "0.001", "f": 7429672740, "l": 7429672740, "T": 1773384480324, "m": true}}
{"local_ts": 1773384480547, "server_ts": 1773384480324, "data": {"e": "aggTrade", "E": 1773384480327, "a": 3197603953, "s": "BTCUSDT", "p": "71264.10", "q": "0.004", "nq": "0.004", "f": 7429672741, "l": 7429672742, "T": 1773384480324, "m": true}}
{"local_ts": 1773384480548, "server_ts": 1773384480324, "data": {"e": "aggTrade", "E": 1773384480327, "a": 3197603954, "s": "BTCUSDT", "p": "71264.00", "q": "0.002", "nq": "0.002", "f": 7429672743, "l": 7429672743, "T": 1773384480324, "m": true}}
{"local_ts": 1773384480548, "server_ts": 1773384480324, "data": {"e": "aggTrade", "E": 1773384480327, "a": 3197603955, "s": "BTCUSDT", "p": "71263.90", "q": "0.002", "nq": "0.002", "f": 7429672744, "l": 7429672744, "T": 1773384480324, "m": true}}
{"local_ts": 1773384480548, "server_ts": 1773384480324, "data": {"e": "aggTrade", "E": 1773384480327, "a": 3197603956, "s": "BTCUSDT", "p": "71263.80", "q": "0.026", "nq": "0.026", "f": 7429672745, "l": 7429672746, "T": 1773384480324, "m": true}}
{"local_ts": 1773384480554, "server_ts": 1773384480325, "data": {"e": "aggTrade", "E": 1773384480330, "a": 3197603957, "s": "BTCUSDT", "p": "71263.70", "q": "0.005", "nq": "0.005", "f": 7429672747, "l": 7429672750, "T": 1773384480325, "m": true}}
{"local_ts": 1773384480555, "server_ts": 1773384480325, "data": {"e": "aggTrade", "E": 1773384480330, "a": 3197603958, "s": "BTCUSDT", "p": "71263.60", "q": "0.004", "nq": "0.004", "f": 7429672751, "l": 7429672752, "T": 1773384480325, "m": true}}
{"local_ts": 1773384480556, "server_ts": 1773384480325, "data": {"e": "aggTrade", "E": 1773384480330, "a": 3197603959, "s": "BTCUSDT", "p": "71263.50", "q": "0.010", "nq": "0.010", "f": 7429672753, "l": 7429672760, "T": 1773384480325, "m": true}}
{"local_ts": 1773384480556, "server_ts": 1773384480325, "data": {"e": "aggTrade", "E": 1773384480330, "a": 3197603960, "s": "BTCUSDT", "p": "71263.30", "q": "0.001", "nq": "0.001", "f": 7429672761, "l": 7429672761, "T": 1773384480325, "m": true}}
{"local_ts": 1773384480556, "server_ts": 1773384480325, "data": {"e": "aggTrade", "E": 1773384480330, "a": 3197603961, "s": "BTCUSDT", "p": "71263.20", "q": "0.006", "nq": "0.006", "f": 7429672762, "l": 7429672766, "T": 1773384480325, "m": true}}
{"local_ts": 1773384480557, "server_ts": 1773384480325, "data": {"e": "aggTrade", "E": 1773384480330, "a": 3197603962, "s": "BTCUSDT", "p": "71263.10", "q": "0.006", "nq": "0.006", "f": 7429672767, "l": 7429672769, "T": 1773384480325, "m": true}}
{"local_ts": 1773384480557, "server_ts": 1773384480325, "data": {"e": "aggTrade", "E": 1773384480330, "a": 3197603963, "s": "BTCUSDT", "p": "71263.00", "q": "0.003", "nq": "0.003", "f": 7429672770, "l": 7429672770, "T": 1773384480325, "m": true}}
{"local_ts": 1773384480558, "server_ts": 1773384480325, "data": {"e": "aggTrade", "E": 1773384480330, "a": 3197603964, "s": "BTCUSDT", "p": "71262.80", "q": "0.001", "nq": "0.001", "f": 7429672771, "l": 7429672771, "T": 1773384480325, "m": true}}
{"local_ts": 1773384480558, "server_ts": 1773384480325, "data": {"e": "aggTrade", "E": 1773384480330, "a": 3197603965, "s": "BTCUSDT", "p": "71262.70", "q": "0.004", "nq": "0.004", "f": 7429672772, "l": 7429672773, "T": 1773384480325, "m": true}}
{"local_ts": 1773384480558, "server_ts": 1773384480325, "data": {"e": "aggTrade", "E": 1773384480330, "a": 3197603966, "s": "BTCUSDT", "p": "71262.50", "q": "0.003", "nq": "0.003", "f": 7429672774, "l": 7429672775, "T": 1773384480325, "m": true}}
{"local_ts": 1773384480559, "server_ts": 1773384480325, "data": {"e": "aggTrade", "E": 1773384480333, "a": 3197603967, "s": "BTCUSDT", "p": "71262.40", "q": "0.003", "nq": "0.003", "f": 7429672776, "l": 7429672777, "T": 1773384480325, "m": true}}
{"local_ts": 1773384480559, "server_ts": 1773384480328, "data": {"e": "aggTrade", "E": 1773384480333, "a": 3197603968, "s": "BTCUSDT", "p": "71262.30", "q": "0.003", "nq": "0.003", "f": 7429672778, "l": 7429672779, "T": 1773384480328, "m": true}}
{"local_ts": 1773384480560, "server_ts": 1773384480328, "data": {"e": "aggTrade", "E": 1773384480335, "a": 3197603969, "s": "BTCUSDT", "p": "71262.10", "q": "0.013", "nq": "0.013", "f": 7429672780, "l": 7429672783, "T": 1773384480328, "m": true}}
{"local_ts": 1773384480560, "server_ts": 1773384480329, "data": {"e": "aggTrade", "E": 1773384480339, "a": 3197603970, "s": "BTCUSDT", "p": "71262.00", "q": "0.002", "nq": "0.002", "f": 7429672784, "l": 7429672784, "T": 1773384480329, "m": true}}
{"local_ts": 1773384480562, "server_ts": 1773384480333, "data": {"e": "aggTrade", "E": 1773384480342, "a": 3197603971, "s": "BTCUSDT", "p": "71261.70", "q": "0.022", "nq": "0.022", "f": 7429672785, "l": 7429672786, "T": 1773384480333, "m": true}}
{"local_ts": 1773384480562, "server_ts": 1773384480337, "data": {"e": "aggTrade", "E": 1773384480342, "a": 3197603972, "s": "BTCUSDT", "p": "71261.60", "q": "0.003", "nq": "0.003", "f": 7429672787, "l": 7429672787, "T": 1773384480337, "m": true}}
{"local_ts": 1773384480563, "server_ts": 1773384480337, "data": {"e": "aggTrade", "E": 1773384480342, "a": 3197603973, "s": "BTCUSDT", "p": "71261.50", "q": "0.001", "nq": "0.001", "f": 7429672788, "l": 7429672788, "T": 1773384480337, "m": true}}
{"local_ts": 1773384480563, "server_ts": 1773384480337, "data": {"e": "aggTrade", "E": 1773384480342, "a": 3197603974, "s": "BTCUSDT", "p": "71261.30", "q": "0.002", "nq": "0.002", "f": 7429672789, "l": 7429672789, "T": 1773384480337, "m": true}}
{"local_ts": 1773384480564, "server_ts": 1773384480337, "data": {"e": "aggTrade", "E": 1773384480342, "a": 3197603975, "s": "BTCUSDT", "p": "71261.20", "q": "0.004", "nq": "0.004", "f": 7429672790, "l": 7429672790, "T": 1773384480337, "m": true}}
{"local_ts": 1773384480564, "server_ts": 1773384480337, "data": {"e": "aggTrade", "E": 1773384480342, "a": 3197603976, "s": "BTCUSDT", "p": "71261.10", "q": "0.002", "nq": "0.002", "f": 7429672791, "l": 7429672791, "T": 1773384480337, "m": true}}
{"local_ts": 1773384480564, "server_ts": 1773384480338, "data": {"e": "aggTrade", "E": 1773384480342, "a": 3197603977, "s": "BTCUSDT", "p": "71261.00", "q": "0.052", "nq": "0.052", "f": 7429672792, "l": 7429672798, "T": 1773384480338, "m": true}}
{"local_ts": 1773384480565, "server_ts": 1773384480339, "data": {"e": "aggTrade", "E": 1773384480342, "a": 3197603978, "s": "BTCUSDT", "p": "71260.50", "q": "0.003", "nq": "0.003", "f": 7429672799, "l": 7429672799, "T": 1773384480339, "m": true}}
{"local_ts": 1773384480565, "server_ts": 1773384480339, "data": {"e": "aggTrade", "E": 1773384480342, "a": 3197603979, "s": "BTCUSDT", "p": "71260.40", "q": "0.006", "nq": "0.006", "f": 7429672800, "l": 7429672801, "T": 1773384480339, "m": true}}
{"local_ts": 1773384480566, "server_ts": 1773384480339, "data": {"e": "aggTrade", "E": 1773384480342, "a": 3197603980, "s": "BTCUSDT", "p": "71260.30", "q": "0.002", "nq": "0.002", "f": 7429672802, "l": 7429672803, "T": 1773384480339, "m": true}}
{"local_ts": 1773384480569, "server_ts": 1773384480339, "data": {"e": "aggTrade", "E": 1773384480347, "a": 3197603981, "s": "BTCUSDT", "p": "71260.00", "q": "0.019", "nq": "0.019", "f": 7429672804, "l": 7429672807, "T": 1773384480339, "m": true}}
{"local_ts": 1773384480569, "server_ts": 1773384480342, "data": {"e": "aggTrade", "E": 1773384480347, "a": 3197603982, "s": "BTCUSDT", "p": "71259.90", "q": "0.001", "nq": "0.001", "f": 7429672808, "l": 7429672808, "T": 1773384480342, "m": true}}
{"local_ts": 1773384480570, "server_ts": 1773384480342, "data": {"e": "aggTrade", "E": 1773384480347, "a": 3197603983, "s": "BTCUSDT", "p": "71259.80", "q": "0.001", "nq": "0.001", "f": 7429672809, "l": 7429672809, "T": 1773384480342, "m": true}}
{"local_ts": 1773384480570, "server_ts": 1773384480342, "data": {"e": "aggTrade", "E": 1773384480347, "a": 3197603984, "s": "BTCUSDT", "p": "71259.70", "q": "0.005", "nq": "0.005", "f": 7429672810, "l": 7429672811, "T": 1773384480342, "m": true}}
{"local_ts": 1773384480571, "server_ts": 1773384480342, "data": {"e": "aggTrade", "E": 1773384480353, "a": 3197603985, "s": "BTCUSDT", "p": "71259.60", "q": "0.027", "nq": "0.027", "f": 7429672812, "l": 7429672815, "T": 1773384480342, "m": true}}
{"local_ts": 1773384480571, "server_ts": 1773384480347, "data": {"e": "aggTrade", "E": 1773384480353, "a": 3197603986, "s": "BTCUSDT", "p": "71259.50", "q": "0.005", "nq": "0.005", "f": 7429672816, "l": 7429672818, "T": 1773384480347, "m": true}}
{"local_ts": 1773384480588, "server_ts": 1773384480347, "data": {"e": "aggTrade", "E": 1773384480371, "a": 3197603987, "s": "BTCUSDT", "p": "71259.40", "q": "0.004", "nq": "0.004", "f": 7429672819, "l": 7429672820, "T": 1773384480347, "m": true}}
{"local_ts": 1773384480617, "server_ts": 1773384480368, "data": {"e": "aggTrade", "E": 1773384480399, "a": 3197603988, "s": "BTCUSDT", "p": "71259.30", "q": "0.199", "nq": "0.199", "f": 7429672821, "l": 7429672830, "T": 1773384480368, "m": true}}
{"local_ts": 1773384480617, "server_ts": 1773384480395, "data": {"e": "aggTrade", "E": 1773384480399, "a": 3197603989, "s": "BTCUSDT", "p": "71259.20", "q": "0.003", "nq": "0.003", "f": 7429672831, "l": 7429672831, "T": 1773384480395, "m": true}}
{"local_ts": 1773384480618, "server_ts": 1773384480395, "data": {"e": "aggTrade", "E": 1773384480399, "a": 3197603990, "s": "BTCUSDT", "p": "71259.10", "q": "0.002", "nq": "0.002", "f": 7429672832, "l": 7429672832, "T": 1773384480395, "m": true}}
{"local_ts": 1773384480618, "server_ts": 1773384480395, "data": {"e": "aggTrade", "E": 1773384480399, "a": 3197603991, "s": "BTCUSDT", "p": "71259.00", "q": "0.063", "nq": "0.063", "f": 7429672833, "l": 7429672836, "T": 1773384480395, "m": true}}
{"local_ts": 1773384480618, "server_ts": 1773384480395, "data": {"e": "aggTrade", "E": 1773384480399, "a": 3197603992, "s": "BTCUSDT", "p": "71258.90", "q": "0.002", "nq": "0.002", "f": 7429672837, "l": 7429672837, "T": 1773384480395, "m": true}}
{"local_ts": 1773384480619, "server_ts": 1773384480395, "data": {"e": "aggTrade", "E": 1773384480399, "a": 3197603993, "s": "BTCUSDT", "p": "71258.80", "q": "0.002", "nq": "0.002", "f": 7429672838, "l": 7429672838, "T": 1773384480395, "m": true}}
{"local_ts": 1773384480619, "server_ts": 1773384480395, "data": {"e": "aggTrade", "E": 1773384480399, "a": 3197603994, "s": "BTCUSDT", "p": "71258.70", "q": "0.004", "nq": "0.004", "f": 7429672839, "l": 7429672839, "T": 1773384480395, "m": true}}
{"local_ts": 1773384480619, "server_ts": 1773384480395, "data": {"e": "aggTrade", "E": 1773384480399, "a": 3197603995, "s": "BTCUSDT", "p": "71258.60", "q": "0.036", "nq": "0.036", "f": 7429672840, "l": 7429672840, "T": 1773384480395, "m": true}}
{"local_ts": 1773384480624, "server_ts": 1773384480395, "data": {"e": "aggTrade", "E": 1773384480401, "a": 3197603996, "s": "BTCUSDT", "p": "71258.50", "q": "0.026", "nq": "0.026", "f": 7429672841, "l": 7429672842, "T": 1773384480395, "m": true}}
{"local_ts": 1773384480635, "server_ts": 1773384480397, "data": {"e": "aggTrade", "E": 1773384480417, "a": 3197603997, "s": "BTCUSDT", "p": "71258.40", "q": "0.264", "nq": "0.264", "f": 7429672843, "l": 7429672853, "T": 1773384480397, "m": true}}
{"local_ts": 1773384480635, "server_ts": 1773384480411, "data": {"e": "aggTrade", "E": 1773384480417, "a": 3197603998, "s": "BTCUSDT", "p": "71258.30", "q": "0.134", "nq": "0.134", "f": 7429672854, "l": 7429672858, "T": 1773384480411, "m": true}}
{"local_ts": 1773384480636, "server_ts": 1773384480411, "data": {"e": "aggTrade", "E": 1773384480417, "a": 3197603999, "s": "BTCUSDT", "p": "71258.20", "q": "0.001", "nq": "0.001", "f": 7429672859, "l": 7429672859, "T": 1773384480411, "m": true}}
{"local_ts": 1773384480636, "server_ts": 1773384480411, "data": {"e": "aggTrade", "E": 1773384480417, "a": 3197604000, "s": "BTCUSDT", "p": "71258.10", "q": "0.002", "nq": "0.002", "f": 7429672860, "l": 7429672860, "T": 1773384480411, "m": true}}
{"local_ts": 1773384480637, "server_ts": 1773384480411, "data": {"e": "aggTrade", "E": 1773384480417, "a": 3197604001, "s": "BTCUSDT", "p": "71258.00", "q": "0.007", "nq": "0.007", "f": 7429672861, "l": 7429672863, "T": 1773384480411, "m": true}}
{"local_ts": 1773384480686, "server_ts": 1773384480411, "data": {"e": "aggTrade", "E": 1773384480469, "a": 3197604002, "s": "BTCUSDT", "p": "71257.90", "q": "0.327", "nq": "0.327", "f": 7429672864, "l": 7429672877, "T": 1773384480411, "m": true}}
{"local_ts": 1773384480698, "server_ts": 1773384480465, "data": {"e": "aggTrade", "E": 1773384480479, "a": 3197604003, "s": "BTCUSDT", "p": "71258.00", "q": "0.002", "nq": "0.002", "f": 7429672878, "l": 7429672878, "T": 1773384480465, "m": false}}
{"local_ts": 1773384480698, "server_ts": 1773384480475, "data": {"e": "aggTrade", "E": 1773384480479, "a": 3197604004, "s": "BTCUSDT", "p": "71257.90", "q": "0.016", "nq": "0.016", "f": 7429672879, "l": 7429672882, "T": 1773384480475, "m": true}}
{"local_ts": 1773384480699, "server_ts": 1773384480475, "data": {"e": "aggTrade", "E": 1773384480479, "a": 3197604005, "s": "BTCUSDT", "p": "71257.80", "q": "0.001", "nq": "0.001", "f": 7429672883, "l": 7429672883, "T": 1773384480475, "m": true}}
{"local_ts": 1773384480699, "server_ts": 1773384480475, "data": {"e": "aggTrade", "E": 1773384480479, "a": 3197604006, "s": "BTCUSDT", "p": "71257.60", "q": "0.003", "nq": "0.003", "f": 7429672884, "l": 7429672884, "T": 1773384480475, "m": true}}
{"local_ts": 1773384480707, "server_ts": 1773384480475, "data": {"e": "aggTrade", "E": 1773384480487, "a": 3197604007, "s": "BTCUSDT", "p": "71257.50", "q": "0.001", "nq": "0.001", "f": 7429672885, "l": 7429672885, "T": 1773384480475, "m": true}}
{"local_ts": 1773384480708, "server_ts": 1773384480481, "data": {"e": "aggTrade", "E": 1773384480487, "a": 3197604008, "s": "BTCUSDT", "p": "71257.40", "q": "0.011", "nq": "0.011", "f": 7429672886, "l": 7429672888, "T": 1773384480481, "m": true}}
{"local_ts": 1773384480708, "server_ts": 1773384480481, "data": {"e": "aggTrade", "E": 1773384480487, "a": 3197604009, "s": "BTCUSDT", "p": "71257.20", "q": "0.003", "nq": "0.003", "f": 7429672889, "l": 7429672890, "T": 1773384480481, "m": true}}
{"local_ts": 1773384480709, "server_ts": 1773384480481, "data": {"e": "aggTrade", "E": 1773384480487, "a": 3197604010, "s": "BTCUSDT", "p": "71257.00", "q": "0.006", "nq": "0.006", "f": 7429672891, "l": 7429672892, "T": 1773384480481, "m": true}}
{"local_ts": 1773384480709, "server_ts": 1773384480481, "data": {"e": "aggTrade", "E": 1773384480487, "a": 3197604011, "s": "BTCUSDT", "p": "71256.90", "q": "0.001", "nq": "0.001", "f": 7429672893, "l": 7429672893, "T": 1773384480481, "m": true}}
{"local_ts": 1773384480710, "server_ts": 1773384480481, "data": {"e": "aggTrade", "E": 1773384480487, "a": 3197604012, "s": "BTCUSDT", "p": "71256.50", "q": "0.003", "nq": "0.003", "f": 7429672894, "l": 7429672895, "T": 1773384480481, "m": true}}
{"local_ts": 1773384480710, "server_ts": 1773384480481, "data": {"e": "aggTrade", "E": 1773384480487, "a": 3197604013, "s": "BTCUSDT", "p": "71256.30", "q": "0.004", "nq": "0.004", "f": 7429672896, "l": 7429672896, "T": 1773384480481, "m": true}}
{"local_ts": 1773384480710, "server_ts": 1773384480481, "data": {"e": "aggTrade", "E": 1773384480487, "a": 3197604014, "s": "BTCUSDT", "p": "71256.20", "q": "0.001", "nq": "0.001", "f": 7429672897, "l": 7429672897, "T": 1773384480481, "m": true}}
{"local_ts": 1773384480711, "server_ts": 1773384480481, "data": {"e": "aggTrade", "E": 1773384480487, "a": 3197604015, "s": "BTCUSDT", "p": "71256.00", "q": "0.002", "nq": "0.002", "f": 7429672898, "l": 7429672898, "T": 1773384480481, "m": true}}
{"local_ts": 1773384480711, "server_ts": 1773384480481, "data": {"e": "aggTrade", "E": 1773384480487, "a": 3197604016, "s": "BTCUSDT", "p": "71255.90", "q": "0.003", "nq": "0.003", "f": 7429672899, "l": 7429672899, "T": 1773384480481, "m": true}}
{"local_ts": 1773384480712, "server_ts": 1773384480481, "data": {"e": "aggTrade", "E": 1773384480487, "a": 3197604017, "s": "BTCUSDT", "p": "71255.80", "q": "0.003", "nq": "0.003", "f": 7429672900, "l": 7429672901, "T": 1773384480481, "m": true}}
{"local_ts": 1773384480712, "server_ts": 1773384480481, "data": {"e": "aggTrade", "E": 1773384480487, "a": 3197604018, "s": "BTCUSDT", "p": "71255.60", "q": "0.003", "nq": "0.003", "f": 7429672902, "l": 7429672903, "T": 1773384480481, "m": true}}
{"local_ts": 1773384480713, "server_ts": 1773384480481, "data": {"e": "aggTrade", "E": 1773384480490, "a": 3197604019, "s": "BTCUSDT", "p": "71255.50", "q": "0.004", "nq": "0.004", "f": 7429672904, "l": 7429672906, "T": 1773384480481, "m": true}}
{"local_ts": 1773384480713, "server_ts": 1773384480484, "data": {"e": "aggTrade", "E": 1773384480490, "a": 3197604020, "s": "BTCUSDT", "p": "71255.30", "q": "0.003", "nq": "0.003", "f": 7429672907, "l": 7429672907, "T": 1773384480484, "m": true}}
{"local_ts": 1773384480714, "server_ts": 1773384480484, "data": {"e": "aggTrade", "E": 1773384480490, "a": 3197604021, "s": "BTCUSDT", "p": "71255.20", "q": "0.001", "nq": "0.001", "f": 7429672908, "l": 7429672908, "T": 1773384480484, "m": true}}
{"local_ts": 1773384480859, "server_ts": 1773384480484, "data": {"e": "aggTrade", "E": 1773384480641, "a": 3197604022, "s": "BTCUSDT", "p": "71255.10", "q": "0.122", "nq": "0.122", "f": 7429672909, "l": 7429672915, "T": 1773384480484, "m": true}}
{"local_ts": 1773384481220, "server_ts": 1773384480848, "data": {"e": "aggTrade", "E": 1773384481002, "a": 3197604023, "s": "BTCUSDT", "p": "71255.00", "q": "0.056", "nq": "0.056", "f": 7429672917, "l": 7429672917, "T": 1773384480848, "m": true}}
{"local_ts": 1773384481415, "server_ts": 1773384481045, "data": {"e": "aggTrade", "E": 1773384481199, "a": 3197604024, "s": "BTCUSDT", "p": "71255.00", "q": "0.393", "nq": "0.393", "f": 7429672918, "l": 7429672918, "T": 1773384481045, "m": true}}
{"local_ts": 1773384481563, "server_ts": 1773384481306, "data": {"e": "aggTrade", "E": 1773384481346, "a": 3197604025, "s": "BTCUSDT", "p": "71255.10", "q": "0.073", "nq": "0.073", "f": 7429672919, "l": 7429672920, "T": 1773384481306, "m": false}}
{"local_ts": 1773384481570, "server_ts": 1773384481344, "data": {"e": "aggTrade", "E": 1773384481349, "a": 3197604026, "s": "BTCUSDT", "p": "71255.00", "q": "1.090", "nq": "1.090", "f": 7429672921, "l": 7429672929, "T": 1773384481344, "m": true}}
{"local_ts": 1773384481573, "server_ts": 1773384481346, "data": {"e": "aggTrade", "E": 1773384481356, "a": 3197604027, "s": "BTCUSDT", "p": "71254.90", "q": "0.020", "nq": "0.020", "f": 7429672930, "l": 7429672933, "T": 1773384481346, "m": true}}
{"local_ts": 1773384481574, "server_ts": 1773384481351, "data": {"e": "aggTrade", "E": 1773384481356, "a": 3197604028, "s": "BTCUSDT", "p": "71254.60", "q": "0.004", "nq": "0.004", "f": 7429672934, "l": 7429672935, "T": 1773384481351, "m": true}}
{"local_ts": 1773384481575, "server_ts": 1773384481351, "data": {"e": "aggTrade", "E": 1773384481356, "a": 3197604029, "s": "BTCUSDT", "p": "71254.50", "q": "0.002", "nq": "0.002", "f": 7429672936, "l": 7429672937, "T": 1773384481351, "m": true}}
{"local_ts": 1773384481576, "server_ts": 1773384481351, "data": {"e": "aggTrade", "E": 1773384481356, "a": 3197604030, "s": "BTCUSDT", "p": "71254.40", "q": "0.004", "nq": "0.004", "f": 7429672938, "l": 7429672939, "T": 1773384481351, "m": true}}
{"local_ts": 1773384481577, "server_ts": 1773384481351, "data": {"e": "aggTrade", "E": 1773384481356, "a": 3197604031, "s": "BTCUSDT", "p": "71254.30", "q": "0.004", "nq": "0.004", "f": 7429672940, "l": 7429672940, "T": 1773384481351, "m": true}}
{"local_ts": 1773384481577, "server_ts": 1773384481351, "data": {"e": "aggTrade", "E": 1773384481358, "a": 3197604032, "s": "BTCUSDT", "p": "71254.00", "q": "0.005", "nq": "0.005", "f": 7429672941, "l": 7429672944, "T": 1773384481351, "m": true}}
{"local_ts": 1773384481578, "server_ts": 1773384481354, "data": {"e": "aggTrade", "E": 1773384481358, "a": 3197604033, "s": "BTCUSDT", "p": "71253.90", "q": "0.015", "nq": "0.015", "f": 7429672945, "l": 7429672947, "T": 1773384481354, "m": true}}
{"local_ts": 1773384481578, "server_ts": 1773384481354, "data": {"e": "aggTrade", "E": 1773384481360, "a": 3197604034, "s": "BTCUSDT", "p": "71253.80", "q": "0.006", "nq": "0.006", "f": 7429672948, "l": 7429672950, "T": 1773384481354, "m": true}}
{"local_ts": 1773384481578, "server_ts": 1773384481357, "data": {"e": "aggTrade", "E": 1773384481360, "a": 3197604035, "s": "BTCUSDT", "p": "71253.60", "q": "0.004", "nq": "0.004", "f": 7429672951, "l": 7429672951, "T": 1773384481357, "m": true}}
{"local_ts": 1773384481579, "server_ts": 1773384481357, "data": {"e": "aggTrade", "E": 1773384481360, "a": 3197604036, "s": "BTCUSDT", "p": "71253.50", "q": "0.008", "nq": "0.008", "f": 7429672952, "l": 7429672953, "T": 1773384481357, "m": true}}
{"local_ts": 1773384481579, "server_ts": 1773384481357, "data": {"e": "aggTrade", "E": 1773384481360, "a": 3197604037, "s": "BTCUSDT", "p": "71253.40", "q": "0.006", "nq": "0.006", "f": 7429672954, "l": 7429672956, "T": 1773384481357, "m": true}}
{"local_ts": 1773384481583, "server_ts": 1773384481357, "data": {"e": "aggTrade", "E": 1773384481365, "a": 3197604038, "s": "BTCUSDT", "p": "71253.30", "q": "0.002", "nq": "0.002", "f": 7429672957, "l": 7429672957, "T": 1773384481357, "m": true}}
{"local_ts": 1773384481593, "server_ts": 1773384481362, "data": {"e": "aggTrade", "E": 1773384481370, "a": 3197604039, "s": "BTCUSDT", "p": "71253.20", "q": "0.005", "nq": "0.005", "f": 7429672958, "l": 7429672960, "T": 1773384481362, "m": true}}
{"local_ts": 1773384481594, "server_ts": 1773384481365, "data": {"e": "aggTrade", "E": 1773384481370, "a": 3197604040, "s": "BTCUSDT", "p": "71253.00", "q": "0.006", "nq": "0.006", "f": 7429672961, "l": 7429672962, "T": 1773384481365, "m": true}}
{"local_ts": 1773384481595, "server_ts": 1773384481365, "data": {"e": "aggTrade", "E": 1773384481370, "a": 3197604041, "s": "BTCUSDT", "p": "71252.80", "q": "0.001", "nq": "0.001", "f": 7429672963, "l": 7429672963, "T": 1773384481365, "m": true}}
{"local_ts": 1773384481595, "server_ts": 1773384481365, "data": {"e": "aggTrade", "E": 1773384481370, "a": 3197604042, "s": "BTCUSDT", "p": "71252.70", "q": "0.001", "nq": "0.001", "f": 7429672964, "l": 7429672964, "T": 1773384481365, "m": true}}
{"local_ts": 1773384481595, "server_ts": 1773384481365, "data": {"e": "aggTrade", "E": 1773384481370, "a": 3197604043, "s": "BTCUSDT", "p": "71252.50", "q": "0.005", "nq": "0.005", "f": 7429672965, "l": 7429672966, "T": 1773384481365, "m": true}}
{"local_ts": 1773384481596, "server_ts": 1773384481365, "data": {"e": "aggTrade", "E": 1773384481370, "a": 3197604044, "s": "BTCUSDT", "p": "71252.40", "q": "0.003", "nq": "0.003", "f": 7429672967, "l": 7429672969, "T": 1773384481365, "m": true}}
{"local_ts": 1773384481596, "server_ts": 1773384481365, "data": {"e": "aggTrade", "E": 1773384481370, "a": 3197604045, "s": "BTCUSDT", "p": "71252.20", "q": "0.002", "nq": "0.002", "f": 7429672970, "l": 7429672970, "T": 1773384481365, "m": true}}
{"local_ts": 1773384481596, "server_ts": 1773384481365, "data": {"e": "aggTrade", "E": 1773384481372, "a": 3197604046, "s": "BTCUSDT", "p": "71252.10", "q": "0.003", "nq": "0.003", "f": 7429672971, "l": 7429672972, "T": 1773384481365, "m": true}}
{"local_ts": 1773384481597, "server_ts": 1773384481368, "data": {"e": "aggTrade", "E": 1773384481374, "a": 3197604047, "s": "BTCUSDT", "p": "71252.00", "q": "0.052", "nq": "0.052", "f": 7429672973, "l": 7429672980, "T": 1773384481368, "m": true}}
{"local_ts": 1773384481597, "server_ts": 1773384481370, "data": {"e": "aggTrade", "E": 1773384481374, "a": 3197604048, "s": "BTCUSDT", "p": "71251.70", "q": "0.002", "nq": "0.002", "f": 7429672981, "l": 7429672981, "T": 1773384481370, "m": true}}
{"local_ts": 1773384481598, "server_ts": 1773384481370, "data": {"e": "aggTrade", "E": 1773384481376, "a": 3197604049, "s": "BTCUSDT", "p": "71251.60", "q": "0.002", "nq": "0.002", "f": 7429672982, "l": 7429672982, "T": 1773384481370, "m": true}}
{"local_ts": 1773384481712, "server_ts": 1773384481372, "data": {"e": "aggTrade", "E": 1773384481494, "a": 3197604050, "s": "BTCUSDT", "p": "71251.50", "q": "0.031", "nq": "0.031", "f": 7429672983, "l": 7429672989, "T": 1773384481372, "m": true}}
{"local_ts": 1773384481763, "server_ts": 1773384481490, "data": {"e": "aggTrade", "E": 1773384481545, "a": 3197604051, "s": "BTCUSDT", "p": "71251.50", "q": "0.013", "nq": "0.013", "f": 7429672990, "l": 7429672991, "T": 1773384481490, "m": true}}
{"local_ts": 1773384481870, "server_ts": 1773384481541, "data": {"e": "aggTrade", "E": 1773384481651, "a": 3197604052, "s": "BTCUSDT", "p": "71251.60", "q": "0.012", "nq": "0.012", "f": 7429672992, "l": 7429672992, "T": 1773384481541, "m": false}}
{"local_ts": 1773384482020, "server_ts": 1773384481648, "data": {"e": "aggTrade", "E": 1773384481802, "a": 3197604053, "s": "BTCUSDT", "p": "71251.60", "q": "0.018", "nq": "0.018", "f": 7429672993, "l": 7429672993, "T": 1773384481648, "m": false}}
{"local_ts": 1773384482363, "server_ts": 1773384481988, "data": {"e": "aggTrade", "E": 1773384482142, "a": 3197604054, "s": "BTCUSDT", "p": "71251.60", "q": "0.005", "nq": "0.005", "f": 7429672994, "l": 7429672996, "T": 1773384481988, "m": false}}
{"local_ts": 1773384483107, "server_ts": 1773384482734, "data": {"e": "aggTrade", "E": 1773384482887, "a": 3197604055, "s": "BTCUSDT", "p": "71251.60", "q": "0.002", "nq": "0.002", "f": 7429672997, "l": 7429672997, "T": 1773384482734, "m": false}}
{"local_ts": 1773384483542, "server_ts": 1773384483165, "data": {"e": "aggTrade", "E": 1773384483317, "a": 3197604056, "s": "BTCUSDT", "p": "71251.60", "q": "0.042", "nq": "0.042", "f": 7429672998, "l": 7429673000, "T": 1773384483165, "m": false}}
{"local_ts": 1773384484371, "server_ts": 1773384484000, "data": {"e": "aggTrade", "E": 1773384484154, "a": 3197604057, "s": "BTCUSDT", "p": "71251.50", "q": "0.087", "nq": "0.087", "f": 7429673001, "l": 7429673001, "T": 1773384484000, "m": true}}
{"local_ts": 1773384485394, "server_ts": 1773384485024, "data": {"e": "aggTrade", "E": 1773384485177, "a": 3197604058, "s": "BTCUSDT", "p": "71251.50", "q": "0.002", "nq": "0.002", "f": 7429673002, "l": 7429673002, "T": 1773384485024, "m": true}}
{"local_ts": 1773384485525, "server_ts": 1773384485260, "data": {"e": "aggTrade", "E": 1773384485309, "a": 3197604059, "s": "BTCUSDT", "p": "71251.60", "q": "0.002", "nq": "0.002", "f": 7429673003, "l": 7429673003, "T": 1773384485260, "m": false}}
{"local_ts": 1773384485677, "server_ts": 1773384485307, "data": {"e": "aggTrade", "E": 1773384485460, "a": 3197604060, "s": "BTCUSDT", "p": "71251.50", "q": "0.002", "nq": "0.002", "f": 7429673004, "l": 7429673005, "T": 1773384485307, "m": true}}
{"local_ts": 1773384486131, "server_ts": 1773384485773, "data": {"e": "aggTrade", "E": 1773384485913, "a": 3197604061, "s": "BTCUSDT", "p": "71251.60", "q": "0.004", "nq": "0.004", "f": 7429673006, "l": 7429673007, "T": 1773384485773, "m": false}}
{"local_ts": 1773384486281, "server_ts": 1773384485910, "data": {"e": "aggTrade", "E": 1773384486064, "a": 3197604062, "s": "BTCUSDT", "p": "71251.60", "q": "0.002", "nq": "0.002", "f": 7429673008, "l": 7429673008, "T": 1773384485910, "m": false}}
{"local_ts": 1773384486302, "server_ts": 1773384486076, "data": {"e": "aggTrade", "E": 1773384486084, "a": 3197604063, "s": "BTCUSDT", "p": "71251.50", "q": "0.316", "nq": "0.316", "f": 7429673009, "l": 7429673016, "T": 1773384486076, "m": true}}
{"local_ts": 1773384486303, "server_ts": 1773384486076, "data": {"e": "aggTrade", "E": 1773384486084, "a": 3197604064, "s": "BTCUSDT", "p": "71251.40", "q": "0.003", "nq": "0.003", "f": 7429673017, "l": 7429673018, "T": 1773384486076, "m": true}}
{"local_ts": 1773384486304, "server_ts": 1773384486076, "data": {"e": "aggTrade", "E": 1773384486084, "a": 3197604065, "s": "BTCUSDT", "p": "71251.10", "q": "0.002", "nq": "0.002", "f": 7429673019, "l": 7429673020, "T": 1773384486076, "m": true}}
{"local_ts": 1773384486304, "server_ts": 1773384486076, "data": {"e": "aggTrade", "E": 1773384486084, "a": 3197604066, "s": "BTCUSDT", "p": "71250.70", "q": "0.002", "nq": "0.002", "f": 7429673021, "l": 7429673022, "T": 1773384486076, "m": true}}
{"local_ts": 1773384486305, "server_ts": 1773384486076, "data": {"e": "aggTrade", "E": 1773384486084, "a": 3197604067, "s": "BTCUSDT", "p": "71250.50", "q": "0.003", "nq": "0.003", "f": 7429673023, "l": 7429673023, "T": 1773384486076, "m": true}}
{"local_ts": 1773384486305, "server_ts": 1773384486076, "data": {"e": "aggTrade", "E": 1773384486084, "a": 3197604068, "s": "BTCUSDT", "p": "71250.30", "q": "0.006", "nq": "0.006", "f": 7429673024, "l": 7429673025, "T": 1773384486076, "m": true}}
{"local_ts": 1773384486305, "server_ts": 1773384486076, "data": {"e": "aggTrade", "E": 1773384486084, "a": 3197604069, "s": "BTCUSDT", "p": "71250.20", "q": "0.001", "nq": "0.001", "f": 7429673026, "l": 7429673026, "T": 1773384486076, "m": true}}
{"local_ts": 1773384486306, "server_ts": 1773384486076, "data": {"e": "aggTrade", "E": 1773384486084, "a": 3197604070, "s": "BTCUSDT", "p": "71250.10", "q": "0.003", "nq": "0.003", "f": 7429673027, "l": 7429673028, "T": 1773384486076, "m": true}}
{"local_ts": 1773384486306, "server_ts": 1773384486076, "data": {"e": "aggTrade", "E": 1773384486084, "a": 3197604071, "s": "BTCUSDT", "p": "71250.00", "q": "0.007", "nq": "0.007", "f": 7429673029, "l": 7429673030, "T": 1773384486076, "m": true}}
{"local_ts": 1773384486307, "server_ts": 1773384486076, "data": {"e": "aggTrade", "E": 1773384486084, "a": 3197604072, "s": "BTCUSDT", "p": "71249.80", "q": "0.001", "nq": "0.001", "f": 7429673031, "l": 7429673031, "T": 1773384486076, "m": true}}
{"local_ts": 1773384486307, "server_ts": 1773384486076, "data": {"e": "aggTrade", "E": 1773384486084, "a": 3197604073, "s": "BTCUSDT", "p": "71249.60", "q": "0.001", "nq": "0.001", "f": 7429673032, "l": 7429673032, "T": 1773384486076, "m": true}}
{"local_ts": 1773384486307, "server_ts": 1773384486076, "data": {"e": "aggTrade", "E": 1773384486084, "a": 3197604074, "s": "BTCUSDT", "p": "71249.50", "q": "0.007", "nq": "0.007", "f": 7429673033, "l": 7429673035, "T": 1773384486076, "m": true}}
{"local_ts": 1773384486308, "server_ts": 1773384486076, "data": {"e": "aggTrade", "E": 1773384486084, "a": 3197604075, "s": "BTCUSDT", "p": "71249.40", "q": "0.001", "nq": "0.001", "f": 7429673036, "l": 7429673036, "T": 1773384486076, "m": true}}
{"local_ts": 1773384486308, "server_ts": 1773384486076, "data": {"e": "aggTrade", "E": 1773384486084, "a": 3197604076, "s": "BTCUSDT", "p": "71249.10", "q": "0.004", "nq": "0.004", "f": 7429673037, "l": 7429673038, "T": 1773384486076, "m": true}}
{"local_ts": 1773384486309, "server_ts": 1773384486076, "data": {"e": "aggTrade", "E": 1773384486084, "a": 3197604077, "s": "BTCUSDT", "p": "71248.90", "q": "0.004", "nq": "0.004", "f": 7429673039, "l": 7429673040, "T": 1773384486076, "m": true}}
{"local_ts": 1773384486309, "server_ts": 1773384486076, "data": {"e": "aggTrade", "E": 1773384486085, "a": 3197604078, "s": "BTCUSDT", "p": "71248.80", "q": "0.003", "nq": "0.003", "f": 7429673041, "l": 7429673041, "T": 1773384486076, "m": true}}
{"local_ts": 1773384486310, "server_ts": 1773384486078, "data": {"e": "aggTrade", "E": 1773384486085, "a": 3197604079, "s": "BTCUSDT", "p": "71248.70", "q": "0.001", "nq": "0.001", "f": 7429673042, "l": 7429673042, "T": 1773384486078, "m": true}}
{"local_ts": 1773384486310, "server_ts": 1773384486078, "data": {"e": "aggTrade", "E": 1773384486085, "a": 3197604080, "s": "BTCUSDT", "p": "71248.50", "q": "0.006", "nq": "0.006", "f": 7429673043, "l": 7429673045, "T": 1773384486078, "m": true}}
{"local_ts": 1773384486311, "server_ts": 1773384486078, "data": {"e": "aggTrade", "E": 1773384486086, "a": 3197604081, "s": "BTCUSDT", "p": "71248.40", "q": "0.030", "nq": "0.030", "f": 7429673046, "l": 7429673048, "T": 1773384486078, "m": true}}
{"local_ts": 1773384486311, "server_ts": 1773384486078, "data": {"e": "aggTrade", "E": 1773384486086, "a": 3197604082, "s": "BTCUSDT", "p": "71248.30", "q": "0.002", "nq": "0.002", "f": 7429673049, "l": 7429673049, "T": 1773384486078, "m": true}}
{"local_ts": 1773384486311, "server_ts": 1773384486078, "data": {"e": "aggTrade", "E": 1773384486086, "a": 3197604083, "s": "BTCUSDT", "p": "71248.20", "q": "0.001", "nq": "0.001", "f": 7429673050, "l": 7429673050, "T": 1773384486078, "m": true}}
{"local_ts": 1773384486312, "server_ts": 1773384486078, "data": {"e": "aggTrade", "E": 1773384486092, "a": 3197604084, "s": "BTCUSDT", "p": "71248.00", "q": "0.003", "nq": "0.003", "f": 7429673051, "l": 7429673052, "T": 1773384486078, "m": true}}
{"local_ts": 1773384486313, "server_ts": 1773384486084, "data": {"e": "aggTrade", "E": 1773384486093, "a": 3197604085, "s": "BTCUSDT", "p": "71247.90", "q": "0.060", "nq": "0.060", "f": 7429673053, "l": 7429673055, "T": 1773384486084, "m": true}}
{"local_ts": 1773384486313, "server_ts": 1773384486085, "data": {"e": "aggTrade", "E": 1773384486093, "a": 3197604086, "s": "BTCUSDT", "p": "71247.80", "q": "0.001", "nq": "0.001", "f": 7429673056, "l": 7429673056, "T": 1773384486085, "m": true}}
{"local_ts": 1773384486313, "server_ts": 1773384486085, "data": {"e": "aggTrade", "E": 1773384486093, "a": 3197604087, "s": "BTCUSDT", "p": "71247.70", "q": "0.019", "nq": "0.019", "f": 7429673057, "l": 7429673059, "T": 1773384486085, "m": true}}
{"local_ts": 1773384486314, "server_ts": 1773384486085, "data": {"e": "aggTrade", "E": 1773384486093, "a": 3197604088, "s": "BTCUSDT", "p": "71247.60", "q": "0.001", "nq": "0.001", "f": 7429673060, "l": 7429673060, "T": 1773384486085, "m": true}}
{"local_ts": 1773384486314, "server_ts": 1773384486085, "data": {"e": "aggTrade", "E": 1773384486093, "a": 3197604089, "s": "BTCUSDT", "p": "71247.20", "q": "0.004", "nq": "0.004", "f": 7429673061, "l": 7429673061, "T": 1773384486085, "m": true}}
{"local_ts": 1773384486315, "server_ts": 1773384486085, "data": {"e": "aggTrade", "E": 1773384486093, "a": 3197604090, "s": "BTCUSDT", "p": "71247.10", "q": "0.002", "nq": "0.002", "f": 7429673062, "l": 7429673063, "T": 1773384486085, "m": true}}
{"local_ts": 1773384486315, "server_ts": 1773384486085, "data": {"e": "aggTrade", "E": 1773384486093, "a": 3197604091, "s": "BTCUSDT", "p": "71247.00", "q": "0.006", "nq": "0.006", "f": 7429673064, "l": 7429673066, "T": 1773384486085, "m": true}}
{"local_ts": 1773384486315, "server_ts": 1773384486085, "data": {"e": "aggTrade", "E": 1773384486093, "a": 3197604092, "s": "BTCUSDT", "p": "71246.80", "q": "0.003", "nq": "0.003", "f": 7429673067, "l": 7429673068, "T": 1773384486085, "m": true}}
{"local_ts": 1773384486316, "server_ts": 1773384486085, "data": {"e": "aggTrade", "E": 1773384486093, "a": 3197604093, "s": "BTCUSDT", "p": "71246.70", "q": "0.002", "nq": "0.002", "f": 7429673069, "l": 7429673069, "T": 1773384486085, "m": true}}
{"local_ts": 1773384486316, "server_ts": 1773384486085, "data": {"e": "aggTrade", "E": 1773384486093, "a": 3197604094, "s": "BTCUSDT", "p": "71246.60", "q": "0.002", "nq": "0.002", "f": 7429673070, "l": 7429673070, "T": 1773384486085, "m": true}}
{"local_ts": 1773384486316, "server_ts": 1773384486085, "data": {"e": "aggTrade", "E": 1773384486093, "a": 3197604095, "s": "BTCUSDT", "p": "71246.40", "q": "0.001", "nq": "0.001", "f": 7429673071, "l": 7429673071, "T": 1773384486085, "m": true}}
{"local_ts": 1773384486317, "server_ts": 1773384486085, "data": {"e": "aggTrade", "E": 1773384486093, "a": 3197604096, "s": "BTCUSDT", "p": "71246.30", "q": "0.007", "nq": "0.007", "f": 7429673072, "l": 7429673073, "T": 1773384486085, "m": true}}
{"local_ts": 1773384486317, "server_ts": 1773384486085, "data": {"e": "aggTrade", "E": 1773384486093, "a": 3197604097, "s": "BTCUSDT", "p": "71246.20", "q": "0.003", "nq": "0.003", "f": 7429673074, "l": 7429673074, "T": 1773384486085, "m": true}}
{"local_ts": 1773384486317, "server_ts": 1773384486085, "data": {"e": "aggTrade", "E": 1773384486093, "a": 3197604098, "s": "BTCUSDT", "p": "71246.10", "q": "0.003", "nq": "0.003", "f": 7429673075, "l": 7429673075, "T": 1773384486085, "m": true}}
{"local_ts": 1773384486318, "server_ts": 1773384486085, "data": {"e": "aggTrade", "E": 1773384486093, "a": 3197604099, "s": "BTCUSDT", "p": "71246.00", "q": "0.007", "nq": "0.007", "f": 7429673076, "l": 7429673079, "T": 1773384486085, "m": true}}
{"local_ts": 1773384486318, "server_ts": 1773384486085, "data": {"e": "aggTrade", "E": 1773384486093, "a": 3197604100, "s": "BTCUSDT", "p": "71245.70", "q": "0.006", "nq": "0.006", "f": 7429673080, "l": 7429673082, "T": 1773384486085, "m": true}}
{"local_ts": 1773384486319, "server_ts": 1773384486085, "data": {"e": "aggTrade", "E": 1773384486093, "a": 3197604101, "s": "BTCUSDT", "p": "71245.60", "q": "0.001", "nq": "0.001", "f": 7429673083, "l": 7429673083, "T": 1773384486085, "m": true}}
{"local_ts": 1773384486319, "server_ts": 1773384486085, "data": {"e": "aggTrade", "E": 1773384486093, "a": 3197604102, "s": "BTCUSDT", "p": "71245.50", "q": "0.002", "nq": "0.002", "f": 7429673084, "l": 7429673084, "T": 1773384486085, "m": true}}
{"local_ts": 1773384486320, "server_ts": 1773384486085, "data": {"e": "aggTrade", "E": 1773384486097, "a": 3197604103, "s": "BTCUSDT", "p": "71245.40", "q": "0.003", "nq": "0.003", "f": 7429673085, "l": 7429673086, "T": 1773384486085, "m": true}}
{"local_ts": 1773384486351, "server_ts": 1773384486089, "data": {"e": "aggTrade", "E": 1773384486126, "a": 3197604104, "s": "BTCUSDT", "p": "71245.30", "q": "0.056", "nq": "0.056", "f": 7429673087, "l": 7429673094, "T": 1773384486089, "m": true}}
{"local_ts": 1773384486352, "server_ts": 1773384486121, "data": {"e": "aggTrade", "E": 1773384486126, "a": 3197604105, "s": "BTCUSDT", "p": "71245.20", "q": "0.003", "nq": "0.003", "f": 7429673095, "l": 7429673096, "T": 1773384486121, "m": true}}
{"local_ts": 1773384486352, "server_ts": 1773384486121, "data": {"e": "aggTrade", "E": 1773384486126, "a": 3197604106, "s": "BTCUSDT", "p": "71245.10", "q": "0.003", "nq": "0.003", "f": 7429673097, "l": 7429673098, "T": 1773384486121, "m": true}}
{"local_ts": 1773384486352, "server_ts": 1773384486121, "data": {"e": "aggTrade", "E": 1773384486126, "a": 3197604107, "s": "BTCUSDT", "p": "71244.90", "q": "0.002", "nq": "0.002", "f": 7429673099, "l": 7429673099, "T": 1773384486121, "m": true}}
{"local_ts": 1773384486353, "server_ts": 1773384486121, "data": {"e": "aggTrade", "E": 1773384486126, "a": 3197604108, "s": "BTCUSDT", "p": "71244.70", "q": "0.001", "nq": "0.001", "f": 7429673100, "l": 7429673100, "T": 1773384486121, "m": true}}
{"local_ts": 1773384486353, "server_ts": 1773384486121, "data": {"e": "aggTrade", "E": 1773384486126, "a": 3197604109, "s": "BTCUSDT", "p": "71244.60", "q": "0.026", "nq": "0.026", "f": 7429673101, "l": 7429673103, "T": 1773384486121, "m": true}}
{"local_ts": 1773384486353, "server_ts": 1773384486121, "data": {"e": "aggTrade", "E": 1773384486126, "a": 3197604110, "s": "BTCUSDT", "p": "71244.50", "q": "0.002", "nq": "0.002", "f": 7429673104, "l": 7429673104, "T": 1773384486121, "m": true}}
{"local_ts": 1773384486354, "server_ts": 1773384486121, "data": {"e": "aggTrade", "E": 1773384486126, "a": 3197604111, "s": "BTCUSDT", "p": "71244.30", "q": "0.029", "nq": "0.029", "f": 7429673105, "l": 7429673107, "T": 1773384486121, "m": true}}
{"local_ts": 1773384486354, "server_ts": 1773384486121, "data": {"e": "aggTrade", "E": 1773384486126, "a": 3197604112, "s": "BTCUSDT", "p": "71244.10", "q": "0.002", "nq": "0.002", "f": 7429673108, "l": 7429673108, "T": 1773384486121, "m": true}}
{"local_ts": 1773384486494, "server_ts": 1773384486121, "data": {"e": "aggTrade", "E": 1773384486277, "a": 3197604113, "s": "BTCUSDT", "p": "71244.00", "q": "0.011", "nq": "0.011", "f": 7429673109, "l": 7429673113, "T": 1773384486121, "m": true}}
{"local_ts": 1773384486614, "server_ts": 1773384486283, "data": {"e": "aggTrade", "E": 1773384486396, "a": 3197604114, "s": "BTCUSDT", "p": "71244.00", "q": "0.002", "nq": "0.002", "f": 7429673114, "l": 7429673114, "T": 1773384486283, "m": false}}
{"local_ts": 1773384486765, "server_ts": 1773384486393, "data": {"e": "aggTrade", "E": 1773384486547, "a": 3197604115, "s": "BTCUSDT", "p": "71243.90", "q": "0.056", "nq": "0.056", "f": 7429673115, "l": 7429673118, "T": 1773384486393, "m": true}}
{"local_ts": 1773384486900, "server_ts": 1773384486546, "data": {"e": "aggTrade", "E": 1773384486683, "a": 3197604116, "s": "BTCUSDT", "p": "71243.90", "q": "1.000", "nq": "1.000", "f": 7429673119, "l": 7429673123, "T": 1773384486546, "m": true}}
{"local_ts": 1773384487035, "server_ts": 1773384486681, "data": {"e": "aggTrade", "E": 1773384486816, "a": 3197604117, "s": "BTCUSDT", "p": "71243.90", "q": "6.851", "nq": "6.851", "f": 7429673124, "l": 7429673486, "T": 1773384486681, "m": true}}
{"local_ts": 1773384487184, "server_ts": 1773384486814, "data": {"e": "aggTrade", "E": 1773384486967, "a": 3197604118, "s": "BTCUSDT", "p": "71244.00", "q": "0.006", "nq": "0.006", "f": 7429673487, "l": 7429673488, "T": 1773384486814, "m": false}}
{"local_ts": 1773384487473, "server_ts": 1773384487103, "data": {"e": "aggTrade", "E": 1773384487256, "a": 3197604119, "s": "BTCUSDT", "p": "71244.00", "q": "0.002", "nq": "0.002", "f": 7429673489, "l": 7429673489, "T": 1773384487103, "m": false}}
{"local_ts": 1773384488141, "server_ts": 1773384487771, "data": {"e": "aggTrade", "E": 1773384487922, "a": 3197604120, "s": "BTCUSDT", "p": "71243.90", "q": "0.005", "nq": "0.005", "f": 7429673490, "l": 7429673491, "T": 1773384487771, "m": true}}
{"local_ts": 1773384488189, "server_ts": 1773384487921, "data": {"e": "aggTrade", "E": 1773384487971, "a": 3197604121, "s": "BTCUSDT", "p": "71243.90", "q": "0.017", "nq": "0.017", "f": 7429673492, "l": 7429673493, "T": 1773384487921, "m": true}}
{"local_ts": 1773384488340, "server_ts": 1773384487969, "data": {"e": "aggTrade", "E": 1773384488122, "a": 3197604122, "s": "BTCUSDT", "p": "71244.00", "q": "0.135", "nq": "0.135", "f": 7429673494, "l": 7429673494, "T": 1773384487969, "m": false}}
{"local_ts": 1773384488601, "server_ts": 1773384488314, "data": {"e": "aggTrade", "E": 1773384488383, "a": 3197604123, "s": "BTCUSDT", "p": "71244.00", "q": "0.040", "nq": "0.040", "f": 7429673495, "l": 7429673495, "T": 1773384488314, "m": false}}
{"local_ts": 1773384488755, "server_ts": 1773384488382, "data": {"e": "aggTrade", "E": 1773384488534, "a": 3197604124, "s": "BTCUSDT", "p": "71243.90", "q": "0.010", "nq": "0.010", "f": 7429673496, "l": 7429673496, "T": 1773384488382, "m": true}}
{"local_ts": 1773384488922, "server_ts": 1773384488552, "data": {"e": "aggTrade", "E": 1773384488705, "a": 3197604125, "s": "BTCUSDT", "p": "71243.90", "q": "0.070", "nq": "0.070", "f": 7429673497, "l": 7429673499, "T": 1773384488552, "m": true}}
{"local_ts": 1773384489062, "server_ts": 1773384488715, "data": {"e": "aggTrade", "E": 1773384488845, "a": 3197604126, "s": "BTCUSDT", "p": "71243.90", "q": "0.092", "nq": "0.092", "f": 7429673500, "l": 7429673501, "T": 1773384488715, "m": true}}
{"local_ts": 1773384489085, "server_ts": 1773384488843, "data": {"e": "aggTrade", "E": 1773384488868, "a": 3197604127, "s": "BTCUSDT", "p": "71243.90", "q": "0.002", "nq": "0.002", "f": 7429673502, "l": 7429673502, "T": 1773384488843, "m": true}}
{"local_ts": 1773384489236, "server_ts": 1773384488866, "data": {"e": "aggTrade", "E": 1773384489019, "a": 3197604128, "s": "BTCUSDT", "p": "71244.00", "q": "0.014", "nq": "0.014", "f": 7429673503, "l": 7429673503, "T": 1773384488866, "m": false}}
{"local_ts": 1773384489621, "server_ts": 1773384489353, "data": {"e": "aggTrade", "E": 1773384489404, "a": 3197604129, "s": "BTCUSDT", "p": "71243.90", "q": "0.006", "nq": "0.006", "f": 7429673504, "l": 7429673506, "T": 1773384489353, "m": true}}
{"local_ts": 1773384489773, "server_ts": 1773384489402, "data": {"e": "aggTrade", "E": 1773384489555, "a": 3197604130, "s": "BTCUSDT", "p": "71244.00", "q": "0.079", "nq": "0.079", "f": 7429673507, "l": 7429673507, "T": 1773384489402, "m": false}}
{"local_ts": 1773384490063, "server_ts": 1773384489679, "data": {"e": "aggTrade", "E": 1773384489832, "a": 3197604131, "s": "BTCUSDT", "p": "71244.00", "q": "0.002", "nq": "0.002", "f": 7429673508, "l": 7429673508, "T": 1773384489679, "m": false}}
{"local_ts": 1773384490298, "server_ts": 1773384489928, "data": {"e": "aggTrade", "E": 1773384490081, "a": 3197604132, "s": "BTCUSDT", "p": "71243.90", "q": "0.022", "nq": "0.022", "f": 7429673509, "l": 7429673509, "T": 1773384489928, "m": true}}
{"local_ts": 1773384490713, "server_ts": 1773384490342, "data": {"e": "aggTrade", "E": 1773384490496, "a": 3197604133, "s": "BTCUSDT", "p": "71244.00", "q": "0.361", "nq": "0.361", "f": 7429673510, "l": 7429673511, "T": 1773384490342, "m": false}}
{"local_ts": 1773384490968, "server_ts": 1773384490597, "data": {"e": "aggTrade", "E": 1773384490751, "a": 3197604134, "s": "BTCUSDT", "p": "71243.90", "q": "0.013", "nq": "0.013", "f": 7429673512, "l": 7429673512, "T": 1773384490597, "m": true}}
{"local_ts": 1773384491265, "server_ts": 1773384490934, "data": {"e": "aggTrade", "E": 1773384491042, "a": 3197604135, "s": "BTCUSDT", "p": "71244.00", "q": "0.280", "nq": "0.280", "f": 7429673513, "l": 7429673513, "T": 1773384490934, "m": false}}
{"local_ts": 1773384491411, "server_ts": 1773384491040, "data": {"e": "aggTrade", "E": 1773384491193, "a": 3197604136, "s": "BTCUSDT", "p": "71243.90", "q": "0.011", "nq": "0.011", "f": 7429673514, "l": 7429673514, "T": 1773384491040, "m": true}}
{"local_ts": 1773384491534, "server_ts": 1773384491194, "data": {"e": "aggTrade", "E": 1773384491314, "a": 3197604137, "s": "BTCUSDT", "p": "71243.90", "q": "0.535", "nq": "0.535", "f": 7429673515, "l": 7429673522, "T": 1773384491194, "m": true}}
{"local_ts": 1773384491683, "server_ts": 1773384491311, "data": {"e": "aggTrade", "E": 1773384491465, "a": 3197604138, "s": "BTCUSDT", "p": "71243.90", "q": "0.007", "nq": "0.007", "f": 7429673523, "l": 7429673524, "T": 1773384491311, "m": true}}
{"local_ts": 1773384491897, "server_ts": 1773384491525, "data": {"e": "aggTrade", "E": 1773384491677, "a": 3197604139, "s": "BTCUSDT", "p": "71243.90", "q": "0.070", "nq": "0.070", "f": 7429673525, "l": 7429673528, "T": 1773384491525, "m": true}}
{"local_ts": 1773384492137, "server_ts": 1773384491766, "data": {"e": "aggTrade", "E": 1773384491919, "a": 3197604140, "s": "BTCUSDT", "p": "71243.90", "q": "0.069", "nq": "0.069", "f": 7429673529, "l": 7429673532, "T": 1773384491766, "m": true}}
{"local_ts": 1773384492564, "server_ts": 1773384492193, "data": {"e": "aggTrade", "E": 1773384492347, "a": 3197604141, "s": "BTCUSDT", "p": "71243.90", "q": "0.001", "nq": "0.001", "f": 7429673533, "l": 7429673533, "T": 1773384492193, "m": true}}
{"local_ts": 1773384492771, "server_ts": 1773384492401, "data": {"e": "aggTrade", "E": 1773384492553, "a": 3197604142, "s": "BTCUSDT", "p": "71244.00", "q": "0.018", "nq": "0.018", "f": 7429673534, "l": 7429673534, "T": 1773384492401, "m": false}}
{"local_ts": 1773384493001, "server_ts": 1773384492632, "data": {"e": "aggTrade", "E": 1773384492785, "a": 3197604143, "s": "BTCUSDT", "p": "71244.00", "q": "0.020", "nq": "0.020", "f": 7429673535, "l": 7429673535, "T": 1773384492632, "m": false}}
{"local_ts": 1773384493179, "server_ts": 1773384492807, "data": {"e": "aggTrade", "E": 1773384492961, "a": 3197604144, "s": "BTCUSDT", "p": "71244.00", "q": "0.002", "nq": "0.002", "f": 7429673536, "l": 7429673536, "T": 1773384492807, "m": false}}
{"local_ts": 1773384493275, "server_ts": 1773384492997, "data": {"e": "aggTrade", "E": 1773384493057, "a": 3197604145, "s": "BTCUSDT", "p": "71244.00", "q": "0.123", "nq": "0.123", "f": 7429673537, "l": 7429673538, "T": 1773384492997, "m": false}}
{"local_ts": 1773384493427, "server_ts": 1773384493056, "data": {"e": "aggTrade", "E": 1773384493208, "a": 3197604146, "s": "BTCUSDT", "p": "71243.90", "q": "0.004", "nq": "0.004", "f": 7429673539, "l": 7429673540, "T": 1773384493056, "m": true}}
{"local_ts": 1773384493606, "server_ts": 1773384493234, "data": {"e": "aggTrade", "E": 1773384493388, "a": 3197604147, "s": "BTCUSDT", "p": "71244.00", "q": "0.002", "nq": "0.002", "f": 7429673541, "l": 7429673541, "T": 1773384493234, "m": false}}
{"local_ts": 1773384494190, "server_ts": 1773384493819, "data": {"e": "aggTrade", "E": 1773384493973, "a": 3197604148, "s": "BTCUSDT", "p": "71243.90", "q": "0.016", "nq": "0.016", "f": 7429673542, "l": 7429673543, "T": 1773384493819, "m": true}}
{"local_ts": 1773384494559, "server_ts": 1773384494226, "data": {"e": "aggTrade", "E": 1773384494342, "a": 3197604149, "s": "BTCUSDT", "p": "71244.00", "q": "0.025", "nq": "0.025", "f": 7429673544, "l": 7429673544, "T": 1773384494226, "m": false}}
{"local_ts": 1773384494710, "server_ts": 1773384494339, "data": {"e": "aggTrade", "E": 1773384494493, "a": 3197604150, "s": "BTCUSDT", "p": "71243.90", "q": "0.006", "nq": "0.006", "f": 7429673545, "l": 7429673545, "T": 1773384494339, "m": true}}
{"local_ts": 1773384494862, "server_ts": 1773384494491, "data": {"e": "aggTrade", "E": 1773384494644, "a": 3197604151, "s": "BTCUSDT", "p": "71243.90", "q": "0.044", "nq": "0.044", "f": 7429673546, "l": 7429673547, "T": 1773384494491, "m": true}}
{"local_ts": 1773384495029, "server_ts": 1773384494678, "data": {"e": "aggTrade", "E": 1773384494812, "a": 3197604152, "s": "BTCUSDT", "p": "71244.00", "q": "0.028", "nq": "0.028", "f": 7429673548, "l": 7429673548, "T": 1773384494678, "m": false}}
{"local_ts": 1773384495180, "server_ts": 1773384494809, "data": {"e": "aggTrade", "E": 1773384494963, "a": 3197604153, "s": "BTCUSDT", "p": "71243.90", "q": "0.215", "nq": "0.215", "f": 7429673549, "l": 7429673552, "T": 1773384494809, "m": true}}
{"local_ts": 1773384495408, "server_ts": 1773384495037, "data": {"e": "aggTrade", "E": 1773384495191, "a": 3197604154, "s": "BTCUSDT", "p": "71243.90", "q": "0.001", "nq": "0.001", "f": 7429673553, "l": 7429673553, "T": 1773384495037, "m": true}}
{"local_ts": 1773384496555, "server_ts": 1773384496196, "data": {"e": "aggTrade", "E": 1773384496336, "a": 3197604155, "s": "BTCUSDT", "p": "71244.00", "q": "0.280", "nq": "0.280", "f": 7429673554, "l": 7429673555, "T": 1773384496196, "m": false}}
{"local_ts": 1773384496626, "server_ts": 1773384496334, "data": {"e": "aggTrade", "E": 1773384496408, "a": 3197604156, "s": "BTCUSDT", "p": "71244.00", "q": "0.005", "nq": "0.005", "f": 7429673556, "l": 7429673556, "T": 1773384496334, "m": false}}
{"local_ts": 1773384496730, "server_ts": 1773384496407, "data": {"e": "aggTrade", "E": 1773384496512, "a": 3197604157, "s": "BTCUSDT", "p": "71243.90", "q": "0.028", "nq": "0.028", "f": 7429673557, "l": 7429673557, "T": 1773384496407, "m": true}}
{"local_ts": 1773384496879, "server_ts": 1773384496510, "data": {"e": "aggTrade", "E": 1773384496663, "a": 3197604158, "s": "BTCUSDT", "p": "71243.90", "q": "0.294", "nq": "0.294", "f": 7429673558, "l": 7429673561, "T": 1773384496510, "m": true}}
{"local_ts": 1773384496979, "server_ts": 1773384496752, "data": {"e": "aggTrade", "E": 1773384496755, "a": 3197604159, "s": "BTCUSDT", "p": "71243.90", "q": "0.263", "nq": "0.263", "f": 7429673562, "l": 7429673573, "T": 1773384496752, "m": true}}
{"local_ts": 1773384496980, "server_ts": 1773384496752, "data": {"e": "aggTrade", "E": 1773384496755, "a": 3197604160, "s": "BTCUSDT", "p": "71243.80", "q": "0.018", "nq": "0.018", "f": 7429673574, "l": 7429673575, "T": 1773384496752, "m": true}}
{"local_ts": 1773384496980, "server_ts": 1773384496752, "data": {"e": "aggTrade", "E": 1773384496755, "a": 3197604161, "s": "BTCUSDT", "p": "71243.70", "q": "0.003", "nq": "0.003", "f": 7429673576, "l": 7429673576, "T": 1773384496752, "m": true}}
{"local_ts": 1773384496980, "server_ts": 1773384496752, "data": {"e": "aggTrade", "E": 1773384496755, "a": 3197604162, "s": "BTCUSDT", "p": "71243.50", "q": "0.001", "nq": "0.001", "f": 7429673577, "l": 7429673577, "T": 1773384496752, "m": true}}
{"local_ts": 1773384496981, "server_ts": 1773384496752, "data": {"e": "aggTrade", "E": 1773384496755, "a": 3197604163, "s": "BTCUSDT", "p": "71243.30", "q": "0.001", "nq": "0.001", "f": 7429673578, "l": 7429673578, "T": 1773384496752, "m": true}}
{"local_ts": 1773384496981, "server_ts": 1773384496752, "data": {"e": "aggTrade", "E": 1773384496755, "a": 3197604164, "s": "BTCUSDT", "p": "71243.20", "q": "0.004", "nq": "0.004", "f": 7429673579, "l": 7429673580, "T": 1773384496752, "m": true}}
{"local_ts": 1773384496982, "server_ts": 1773384496752, "data": {"e": "aggTrade", "E": 1773384496755, "a": 3197604165, "s": "BTCUSDT", "p": "71243.10", "q": "0.051", "nq": "0.051", "f": 7429673581, "l": 7429673584, "T": 1773384496752, "m": true}}
{"local_ts": 1773384496982, "server_ts": 1773384496752, "data": {"e": "aggTrade", "E": 1773384496755, "a": 3197604166, "s": "BTCUSDT", "p": "71243.00", "q": "0.004", "nq": "0.004", "f": 7429673585, "l": 7429673586, "T": 1773384496752, "m": true}}
{"local_ts": 1773384496983, "server_ts": 1773384496752, "data": {"e": "aggTrade", "E": 1773384496755, "a": 3197604167, "s": "BTCUSDT", "p": "71242.90", "q": "0.003", "nq": "0.003", "f": 7429673587, "l": 7429673588, "T": 1773384496752, "m": true}}
{"local_ts": 1773384496983, "server_ts": 1773384496752, "data": {"e": "aggTrade", "E": 1773384496755, "a": 3197604168, "s": "BTCUSDT", "p": "71242.60", "q": "0.047", "nq": "0.047", "f": 7429673589, "l": 7429673589, "T": 1773384496752, "m": true}}
{"local_ts": 1773384496984, "server_ts": 1773384496752, "data": {"e": "aggTrade", "E": 1773384496755, "a": 3197604169, "s": "BTCUSDT", "p": "71242.50", "q": "0.056", "nq": "0.056", "f": 7429673590, "l": 7429673594, "T": 1773384496752, "m": true}}
{"local_ts": 1773384496984, "server_ts": 1773384496752, "data": {"e": "aggTrade", "E": 1773384496755, "a": 3197604170, "s": "BTCUSDT", "p": "71242.30", "q": "0.020", "nq": "0.020", "f": 7429673595, "l": 7429673597, "T": 1773384496752, "m": true}}
{"local_ts": 1773384496985, "server_ts": 1773384496752, "data": {"e": "aggTrade", "E": 1773384496755, "a": 3197604171, "s": "BTCUSDT", "p": "71242.10", "q": "0.003", "nq": "0.003", "f": 7429673598, "l": 7429673598, "T": 1773384496752, "m": true}}
{"local_ts": 1773384496985, "server_ts": 1773384496752, "data": {"e": "aggTrade", "E": 1773384496755, "a": 3197604172, "s": "BTCUSDT", "p": "71242.00", "q": "0.003", "nq": "0.003", "f": 7429673599, "l": 7429673600, "T": 1773384496752, "m": true}}
{"local_ts": 1773384496985, "server_ts": 1773384496752, "data": {"e": "aggTrade", "E": 1773384496755, "a": 3197604173, "s": "BTCUSDT", "p": "71241.90", "q": "0.004", "nq": "0.004", "f": 7429673601, "l": 7429673602, "T": 1773384496752, "m": true}}
{"local_ts": 1773384496986, "server_ts": 1773384496752, "data": {"e": "aggTrade", "E": 1773384496755, "a": 3197604174, "s": "BTCUSDT", "p": "71241.80", "q": "0.008", "nq": "0.008", "f": 7429673603, "l": 7429673606, "T": 1773384496752, "m": true}}
{"local_ts": 1773384496986, "server_ts": 1773384496752, "data": {"e": "aggTrade", "E": 1773384496755, "a": 3197604175, "s": "BTCUSDT", "p": "71241.60", "q": "0.002", "nq": "0.002", "f": 7429673607, "l": 7429673607, "T": 1773384496752, "m": true}}
{"local_ts": 1773384496987, "server_ts": 1773384496752, "data": {"e": "aggTrade", "E": 1773384496755, "a": 3197604176, "s": "BTCUSDT", "p": "71241.50", "q": "0.004", "nq": "0.004", "f": 7429673608, "l": 7429673610, "T": 1773384496752, "m": true}}
{"local_ts": 1773384496987, "server_ts": 1773384496752, "data": {"e": "aggTrade", "E": 1773384496755, "a": 3197604177, "s": "BTCUSDT", "p": "71241.40", "q": "0.003", "nq": "0.003", "f": 7429673611, "l": 7429673611, "T": 1773384496752, "m": true}}
{"local_ts": 1773384496987, "server_ts": 1773384496752, "data": {"e": "aggTrade", "E": 1773384496755, "a": 3197604178, "s": "BTCUSDT", "p": "71241.10", "q": "0.050", "nq": "0.050", "f": 7429673612, "l": 7429673615, "T": 1773384496752, "m": true}}
{"local_ts": 1773384496988, "server_ts": 1773384496752, "data": {"e": "aggTrade", "E": 1773384496755, "a": 3197604179, "s": "BTCUSDT", "p": "71241.00", "q": "0.003", "nq": "0.003", "f": 7429673616, "l": 7429673616, "T": 1773384496752, "m": true}}
{"local_ts": 1773384496988, "server_ts": 1773384496752, "data": {"e": "aggTrade", "E": 1773384496755, "a": 3197604180, "s": "BTCUSDT", "p": "71240.90", "q": "0.028", "nq": "0.028", "f": 7429673617, "l": 7429673618, "T": 1773384496752, "m": true}}
{"local_ts": 1773384496989, "server_ts": 1773384496752, "data": {"e": "aggTrade", "E": 1773384496755, "a": 3197604181, "s": "BTCUSDT", "p": "71240.80", "q": "0.001", "nq": "0.001", "f": 7429673619, "l": 7429673619, "T": 1773384496752, "m": true}}
{"local_ts": 1773384496989, "server_ts": 1773384496752, "data": {"e": "aggTrade", "E": 1773384496755, "a": 3197604182, "s": "BTCUSDT", "p": "71240.70", "q": "0.216", "nq": "0.216", "f": 7429673620, "l": 7429673622, "T": 1773384496752, "m": true}}
{"local_ts": 1773384496990, "server_ts": 1773384496752, "data": {"e": "aggTrade", "E": 1773384496755, "a": 3197604183, "s": "BTCUSDT", "p": "71240.60", "q": "0.001", "nq": "0.001", "f": 7429673623, "l": 7429673623, "T": 1773384496752, "m": true}}
{"local_ts": 1773384496990, "server_ts": 1773384496752, "data": {"e": "aggTrade", "E": 1773384496755, "a": 3197604184, "s": "BTCUSDT", "p": "71240.50", "q": "0.003", "nq": "0.003", "f": 7429673624, "l": 7429673624, "T": 1773384496752, "m": true}}
{"local_ts": 1773384496991, "server_ts": 1773384496752, "data": {"e": "aggTrade", "E": 1773384496755, "a": 3197604185, "s": "BTCUSDT", "p": "71240.40", "q": "0.007", "nq": "0.007", "f": 7429673625, "l": 7429673627, "T": 1773384496752, "m": true}}
{"local_ts": 1773384496992, "server_ts": 1773384496752, "data": {"e": "aggTrade", "E": 1773384496755, "a": 3197604186, "s": "BTCUSDT", "p": "71240.30", "q": "0.003", "nq": "0.003", "f": 7429673628, "l": 7429673629, "T": 1773384496752, "m": true}}
{"local_ts": 1773384496992, "server_ts": 1773384496752, "data": {"e": "aggTrade", "E": 1773384496755, "a": 3197604187, "s": "BTCUSDT", "p": "71240.20", "q": "0.055", "nq": "0.055", "f": 7429673630, "l": 7429673630, "T": 1773384496752, "m": true}}
{"local_ts": 1773384496993, "server_ts": 1773384496752, "data": {"e": "aggTrade", "E": 1773384496755, "a": 3197604188, "s": "BTCUSDT", "p": "71240.10", "q": "0.003", "nq": "0.003", "f": 7429673631, "l": 7429673631, "T": 1773384496752, "m": true}}
{"local_ts": 1773384496993, "server_ts": 1773384496752, "data": {"e": "aggTrade", "E": 1773384496755, "a": 3197604189, "s": "BTCUSDT", "p": "71240.00", "q": "0.010", "nq": "0.010", "f": 7429673632, "l": 7429673634, "T": 1773384496752, "m": true}}
{"local_ts": 1773384496993, "server_ts": 1773384496752, "data": {"e": "aggTrade", "E": 1773384496755, "a": 3197604190, "s": "BTCUSDT", "p": "71239.70", "q": "0.019", "nq": "0.019", "f": 7429673635, "l": 7429673636, "T": 1773384496752, "m": true}}
{"local_ts": 1773384496994, "server_ts": 1773384496752, "data": {"e": "aggTrade", "E": 1773384496755, "a": 3197604191, "s": "BTCUSDT", "p": "71239.50", "q": "0.001", "nq": "0.001", "f": 7429673637, "l": 7429673637, "T": 1773384496752, "m": true}}
{"local_ts": 1773384496994, "server_ts": 1773384496752, "data": {"e": "aggTrade", "E": 1773384496755, "a": 3197604192, "s": "BTCUSDT", "p": "71239.40", "q": "0.005", "nq": "0.005", "f": 7429673638, "l": 7429673639, "T": 1773384496752, "m": true}}
{"local_ts": 1773384496995, "server_ts": 1773384496752, "data": {"e": "aggTrade", "E": 1773384496755, "a": 3197604193, "s": "BTCUSDT", "p": "71239.30", "q": "0.005", "nq": "0.005", "f": 7429673640, "l": 7429673641, "T": 1773384496752, "m": true}}
{"local_ts": 1773384496995, "server_ts": 1773384496752, "data": {"e": "aggTrade", "E": 1773384496755, "a": 3197604194, "s": "BTCUSDT", "p": "71239.20", "q": "0.003", "nq": "0.003", "f": 7429673642, "l": 7429673643, "T": 1773384496752, "m": true}}
{"local_ts": 1773384496995, "server_ts": 1773384496752, "data": {"e": "aggTrade", "E": 1773384496755, "a": 3197604195, "s": "BTCUSDT", "p": "71239.10", "q": "0.300", "nq": "0.300", "f": 7429673644, "l": 7429673646, "T": 1773384496752, "m": true}}
{"local_ts": 1773384497011, "server_ts": 1773384496752, "data": {"e": "aggTrade", "E": 1773384496793, "a": 3197604196, "s": "BTCUSDT", "p": "71239.00", "q": "0.009", "nq": "0.009", "f": 7429673647, "l": 7429673647, "T": 1773384496752, "m": true}}
{"local_ts": 1773384497076, "server_ts": 1773384496791, "data": {"e": "aggTrade", "E": 1773384496859, "a": 3197604197, "s": "BTCUSDT", "p": "71239.10", "q": "0.007", "nq": "0.007", "f": 7429673648, "l": 7429673648, "T": 1773384496791, "m": false}}
{"local_ts": 1773384497189, "server_ts": 1773384496855, "data": {"e": "aggTrade", "E": 1773384496971, "a": 3197604198, "s": "BTCUSDT", "p": "71239.00", "q": "0.126", "nq": "0.126", "f": 7429673649, "l": 7429673655, "T": 1773384496855, "m": true}}
{"local_ts": 1773384497198, "server_ts": 1773384496967, "data": {"e": "aggTrade", "E": 1773384496978, "a": 3197604199, "s": "BTCUSDT", "p": "71239.00", "q": "0.030", "nq": "0.030", "f": 7429673656, "l": 7429673660, "T": 1773384496967, "m": true}}
{"local_ts": 1773384497347, "server_ts": 1773384496976, "data": {"e": "aggTrade", "E": 1773384497129, "a": 3197604200, "s": "BTCUSDT", "p": "71239.10", "q": "0.028", "nq": "0.028", "f": 7429673661, "l": 7429673661, "T": 1773384496976, "m": false}}
{"local_ts": 1773384497423, "server_ts": 1773384497151, "data": {"e": "aggTrade", "E": 1773384497204, "a": 3197604201, "s": "BTCUSDT", "p": "71239.00", "q": "0.103", "nq": "0.103", "f": 7429673662, "l": 7429673670, "T": 1773384497151, "m": true}}
{"local_ts": 1773384497423, "server_ts": 1773384497200, "data": {"e": "aggTrade", "E": 1773384497204, "a": 3197604202, "s": "BTCUSDT", "p": "71238.90", "q": "0.009", "nq": "0.009", "f": 7429673671, "l": 7429673671, "T": 1773384497200, "m": true}}
{"local_ts": 1773384497424, "server_ts": 1773384497200, "data": {"e": "aggTrade", "E": 1773384497204, "a": 3197604203, "s": "BTCUSDT", "p": "71238.80", "q": "0.002", "nq": "0.002", "f": 7429673672, "l": 7429673672, "T": 1773384497200, "m": true}}
{"local_ts": 1773384497424, "server_ts": 1773384497200, "data": {"e": "aggTrade", "E": 1773384497204, "a": 3197604204, "s": "BTCUSDT", "p": "71238.60", "q": "0.001", "nq": "0.001", "f": 7429673673, "l": 7429673673, "T": 1773384497200, "m": true}}
{"local_ts": 1773384497425, "server_ts": 1773384497200, "data": {"e": "aggTrade", "E": 1773384497204, "a": 3197604205, "s": "BTCUSDT", "p": "71238.30", "q": "0.003", "nq": "0.003", "f": 7429673674, "l": 7429673675, "T": 1773384497200, "m": true}}
{"local_ts": 1773384497425, "server_ts": 1773384497200, "data": {"e": "aggTrade", "E": 1773384497204, "a": 3197604206, "s": "BTCUSDT", "p": "71238.20", "q": "0.002", "nq": "0.002", "f": 7429673676, "l": 7429673676, "T": 1773384497200, "m": true}}
{"local_ts": 1773384497425, "server_ts": 1773384497200, "data": {"e": "aggTrade", "E": 1773384497204, "a": 3197604207, "s": "BTCUSDT", "p": "71238.10", "q": "0.004", "nq": "0.004", "f": 7429673677, "l": 7429673677, "T": 1773384497200, "m": true}}
{"local_ts": 1773384497426, "server_ts": 1773384497200, "data": {"e": "aggTrade", "E": 1773384497204, "a": 3197604208, "s": "BTCUSDT", "p": "71238.00", "q": "0.002", "nq": "0.002", "f": 7429673678, "l": 7429673678, "T": 1773384497200, "m": true}}
{"local_ts": 1773384497426, "server_ts": 1773384497200, "data": {"e": "aggTrade", "E": 1773384497204, "a": 3197604209, "s": "BTCUSDT", "p": "71237.90", "q": "0.004", "nq": "0.004", "f": 7429673679, "l": 7429673680, "T": 1773384497200, "m": true}}
{"local_ts": 1773384497427, "server_ts": 1773384497200, "data": {"e": "aggTrade", "E": 1773384497207, "a": 3197604210, "s": "BTCUSDT", "p": "71237.80", "q": "0.007", "nq": "0.007", "f": 7429673681, "l": 7429673684, "T": 1773384497200, "m": true}}
{"local_ts": 1773384497505, "server_ts": 1773384497203, "data": {"e": "aggTrade", "E": 1773384497282, "a": 3197604211, "s": "BTCUSDT", "p": "71237.70", "q": "0.253", "nq": "0.253", "f": 7429673685, "l": 7429673687, "T": 1773384497203, "m": true}}
{"local_ts": 1773384497650, "server_ts": 1773384497279, "data": {"e": "aggTrade", "E": 1773384497433, "a": 3197604212, "s": "BTCUSDT", "p": "71237.80", "q": "0.014", "nq": "0.014", "f": 7429673688, "l": 7429673688, "T": 1773384497279, "m": false}}
{"local_ts": 1773384497932, "server_ts": 1773384497708, "data": {"e": "aggTrade", "E": 1773384497715, "a": 3197604213, "s": "BTCUSDT", "p": "71237.70", "q": "0.016", "nq": "0.016", "f": 7429673689, "l": 7429673689, "T": 1773384497708, "m": true}}
{"local_ts": 1773384498085, "server_ts": 1773384497713, "data": {"e": "aggTrade", "E": 1773384497866, "a": 3197604214, "s": "BTCUSDT", "p": "71237.80", "q": "0.034", "nq": "0.034", "f": 7429673690, "l": 7429673690, "T": 1773384497713, "m": false}}
{"local_ts": 1773384498283, "server_ts": 1773384498026, "data": {"e": "aggTrade", "E": 1773384498066, "a": 3197604215, "s": "BTCUSDT", "p": "71237.70", "q": "0.002", "nq": "0.002", "f": 7429673691, "l": 7429673691, "T": 1773384498026, "m": true}}
{"local_ts": 1773384498431, "server_ts": 1773384498063, "data": {"e": "aggTrade", "E": 1773384498214, "a": 3197604216, "s": "BTCUSDT", "p": "71237.80", "q": "0.055", "nq": "0.055", "f": 7429673692, "l": 7429673693, "T": 1773384498063, "m": false}}
{"local_ts": 1773384498462, "server_ts": 1773384498210, "data": {"e": "aggTrade", "E": 1773384498246, "a": 3197604217, "s": "BTCUSDT", "p": "71237.70", "q": "0.096", "nq": "0.096", "f": 7429673694, "l": 7429673702, "T": 1773384498210, "m": true}}
{"local_ts": 1773384498463, "server_ts": 1773384498243, "data": {"e": "aggTrade", "E": 1773384498246, "a": 3197604218, "s": "BTCUSDT", "p": "71237.60", "q": "0.002", "nq": "0.002", "f": 7429673703, "l": 7429673703, "T": 1773384498243, "m": true}}
{"local_ts": 1773384498463, "server_ts": 1773384498243, "data": {"e": "aggTrade", "E": 1773384498246, "a": 3197604219, "s": "BTCUSDT", "p": "71237.50", "q": "0.002", "nq": "0.002", "f": 7429673704, "l": 7429673704, "T": 1773384498243, "m": true}}
{"local_ts": 1773384498464, "server_ts": 1773384498243, "data": {"e": "aggTrade", "E": 1773384498246, "a": 3197604220, "s": "BTCUSDT", "p": "71237.00", "q": "0.004", "nq": "0.004", "f": 7429673705, "l": 7429673705, "T": 1773384498243, "m": true}}
{"local_ts": 1773384498471, "server_ts": 1773384498243, "data": {"e": "aggTrade", "E": 1773384498255, "a": 3197604221, "s": "BTCUSDT", "p": "71236.90", "q": "0.003", "nq": "0.003", "f": 7429673706, "l": 7429673707, "T": 1773384498243, "m": true}}
{"local_ts": 1773384498475, "server_ts": 1773384498251, "data": {"e": "aggTrade", "E": 1773384498258, "a": 3197604222, "s": "BTCUSDT", "p": "71236.80", "q": "0.033", "nq": "0.033", "f": 7429673708, "l": 7429673712, "T": 1773384498251, "m": true}}
{"local_ts": 1773384498626, "server_ts": 1773384498253, "data": {"e": "aggTrade", "E": 1773384498409, "a": 3197604223, "s": "BTCUSDT", "p": "71236.50", "q": "0.014", "nq": "0.014", "f": 7429673713, "l": 7429673714, "T": 1773384498253, "m": true}}
{"local_ts": 1773384498843, "server_ts": 1773384498472, "data": {"e": "aggTrade", "E": 1773384498626, "a": 3197604224, "s": "BTCUSDT", "p": "71236.50", "q": "0.068", "nq": "0.068", "f": 7429673715, "l": 7429673716, "T": 1773384498472, "m": true}}
{"local_ts": 1773384499359, "server_ts": 1773384498989, "data": {"e": "aggTrade", "E": 1773384499141, "a": 3197604225, "s": "BTCUSDT", "p": "71236.50", "q": "0.005", "nq": "0.005", "f": 7429673717, "l": 7429673717, "T": 1773384498989, "m": true}}
{"local_ts": 1773384499818, "server_ts": 1773384499447, "data": {"e": "aggTrade", "E": 1773384499599, "a": 3197604226, "s": "BTCUSDT", "p": "71236.50", "q": "0.070", "nq": "0.070", "f": 7429673718, "l": 7429673720, "T": 1773384499447, "m": true}}
{"local_ts": 1773384499969, "server_ts": 1773384499596, "data": {"e": "aggTrade", "E": 1773384499751, "a": 3197604227, "s": "BTCUSDT", "p": "71236.50", "q": "0.041", "nq": "0.041", "f": 7429673721, "l": 7429673721, "T": 1773384499596, "m": true}}
{"local_ts": 1773384500188, "server_ts": 1773384499881, "data": {"e": "aggTrade", "E": 1773384499970, "a": 3197604228, "s": "BTCUSDT", "p": "71236.60", "q": "0.015", "nq": "0.015", "f": 7429673722, "l": 7429673722, "T": 1773384499881, "m": false}}
{"local_ts": 1773384500284, "server_ts": 1773384499967, "data": {"e": "aggTrade", "E": 1773384500067, "a": 3197604229, "s": "BTCUSDT", "p": "71236.50", "q": "0.003", "nq": "0.003", "f": 7429673723, "l": 7429673723, "T": 1773384499967, "m": true}}
{"local_ts": 1773384500435, "server_ts": 1773384500065, "data": {"e": "aggTrade", "E": 1773384500218, "a": 3197604230, "s": "BTCUSDT", "p": "71236.60", "q": "0.066", "nq": "0.066", "f": 7429673724, "l": 7429673724, "T": 1773384500065, "m": false}}
{"local_ts": 1773384500564, "server_ts": 1773384500328, "data": {"e": "aggTrade", "E": 1773384500343, "a": 3197604231, "s": "BTCUSDT", "p": "71236.60", "q": "0.002", "nq": "0.002", "f": 7429673725, "l": 7429673725, "T": 1773384500328, "m": false}}
{"local_ts": 1773384500564, "server_ts": 1773384500341, "data": {"e": "aggTrade", "E": 1773384500345, "a": 3197604232, "s": "BTCUSDT", "p": "71236.50", "q": "0.583", "nq": "0.583", "f": 7429673726, "l": 7429673730, "T": 1773384500341, "m": true}}
{"local_ts": 1773384500715, "server_ts": 1773384500343, "data": {"e": "aggTrade", "E": 1773384500496, "a": 3197604233, "s": "BTCUSDT", "p": "71236.60", "q": "0.082", "nq": "0.082", "f": 7429673731, "l": 7429673733, "T": 1773384500343, "m": false}}
{"local_ts": 1773384501077, "server_ts": 1773384500705, "data": {"e": "aggTrade", "E": 1773384500861, "a": 3197604234, "s": "BTCUSDT", "p": "71236.50", "q": "0.007", "nq": "0.007", "f": 7429673734, "l": 7429673734, "T": 1773384500705, "m": true}}
{"local_ts": 1773384501130, "server_ts": 1773384500870, "data": {"e": "aggTrade", "E": 1773384500913, "a": 3197604235, "s": "BTCUSDT", "p": "71236.50", "q": "0.142", "nq": "0.142", "f": 7429673735, "l": 7429673737, "T": 1773384500870, "m": true}}
{"local_ts": 1773384501284, "server_ts": 1773384500910, "data": {"e": "aggTrade", "E": 1773384501064, "a": 3197604236, "s": "BTCUSDT", "p": "71236.60", "q": "0.002", "nq": "0.002", "f": 7429673738, "l": 7429673738, "T": 1773384500910, "m": false}}
{"local_ts": 1773384501815, "server_ts": 1773384501446, "data": {"e": "aggTrade", "E": 1773384501598, "a": 3197604237, "s": "BTCUSDT", "p": "71236.50", "q": "0.032", "nq": "0.032", "f": 7429673739, "l": 7429673741, "T": 1773384501446, "m": true}}
{"local_ts": 1773384503143, "server_ts": 1773384502776, "data": {"e": "aggTrade", "E": 1773384502928, "a": 3197604238, "s": "BTCUSDT", "p": "71236.60", "q": "0.018", "nq": "0.018", "f": 7429673742, "l": 7429673742, "T": 1773384502776, "m": false}}
{"local_ts": 1773384503448, "server_ts": 1773384503091, "data": {"e": "aggTrade", "E": 1773384503222, "a": 3197604239, "s": "BTCUSDT", "p": "71236.50", "q": "0.002", "nq": "0.002", "f": 7429673743, "l": 7429673743, "T": 1773384503091, "m": true}}
{"local_ts": 1773384503582, "server_ts": 1773384503220, "data": {"e": "aggTrade", "E": 1773384503364, "a": 3197604240, "s": "BTCUSDT", "p": "71236.50", "q": "0.002", "nq": "0.002", "f": 7429673744, "l": 7429673744, "T": 1773384503220, "m": true}}
{"local_ts": 1773384503732, "server_ts": 1773384503362, "data": {"e": "aggTrade", "E": 1773384503515, "a": 3197604241, "s": "BTCUSDT", "p": "71236.50", "q": "0.002", "nq": "0.002", "f": 7429673745, "l": 7429673745, "T": 1773384503362, "m": true}}
{"local_ts": 1773384504790, "server_ts": 1773384504429, "data": {"e": "aggTrade", "E": 1773384504571, "a": 3197604242, "s": "BTCUSDT", "p": "71236.50", "q": "0.004", "nq": "0.004", "f": 7429673747, "l": 7429673747, "T": 1773384504429, "m": true}}
{"local_ts": 1773384504939, "server_ts": 1773384504569, "data": {"e": "aggTrade", "E": 1773384504722, "a": 3197604243, "s": "BTCUSDT", "p": "71236.50", "q": "0.010", "nq": "0.010", "f": 7429673748, "l": 7429673749, "T": 1773384504569, "m": true}}
{"local_ts": 1773384505579, "server_ts": 1773384505335, "data": {"e": "aggTrade", "E": 1773384505358, "a": 3197604244, "s": "BTCUSDT", "p": "71236.60", "q": "1.416", "nq": "1.416", "f": 7429673750, "l": 7429673784, "T": 1773384505335, "m": false}}
{"local_ts": 1773384505580, "server_ts": 1773384505354, "data": {"e": "aggTrade", "E": 1773384505358, "a": 3197604245, "s": "BTCUSDT", "p": "71236.70", "q": "0.076", "nq": "0.076", "f": 7429673785, "l": 7429673788, "T": 1773384505354, "m": false}}
{"local_ts": 1773384505580, "server_ts": 1773384505354, "data": {"e": "aggTrade", "E": 1773384505358, "a": 3197604246, "s": "BTCUSDT", "p": "71236.80", "q": "0.002", "nq": "0.002", "f": 7429673789, "l": 7429673789, "T": 1773384505354, "m": false}}
{"local_ts": 1773384505581, "server_ts": 1773384505354, "data": {"e": "aggTrade", "E": 1773384505358, "a": 3197604247, "s": "BTCUSDT", "p": "71237.00", "q": "0.073", "nq": "0.073", "f": 7429673790, "l": 7429673793, "T": 1773384505354, "m": false}}
{"local_ts": 1773384505581, "server_ts": 1773384505354, "data": {"e": "aggTrade", "E": 1773384505358, "a": 3197604248, "s": "BTCUSDT", "p": "71237.80", "q": "0.249", "nq": "0.249", "f": 7429673794, "l": 7429673795, "T": 1773384505354, "m": false}}
{"local_ts": 1773384505582, "server_ts": 1773384505354, "data": {"e": "aggTrade", "E": 1773384505364, "a": 3197604249, "s": "BTCUSDT", "p": "71237.90", "q": "0.002", "nq": "0.002", "f": 7429673796, "l": 7429673797, "T": 1773384505354, "m": false}}
{"local_ts": 1773384505582, "server_ts": 1773384505358, "data": {"e": "aggTrade", "E": 1773384505364, "a": 3197604250, "s": "BTCUSDT", "p": "71238.40", "q": "0.006", "nq": "0.006", "f": 7429673798, "l": 7429673800, "T": 1773384505358, "m": false}}
{"local_ts": 1773384505583, "server_ts": 1773384505358, "data": {"e": "aggTrade", "E": 1773384505364, "a": 3197604251, "s": "BTCUSDT", "p": "71238.70", "q": "0.002", "nq": "0.002", "f": 7429673801, "l": 7429673801, "T": 1773384505358, "m": false}}
{"local_ts": 1773384505584, "server_ts": 1773384505358, "data": {"e": "aggTrade", "E": 1773384505367, "a": 3197604252, "s": "BTCUSDT", "p": "71238.80", "q": "0.002", "nq": "0.002", "f": 7429673802, "l": 7429673803, "T": 1773384505358, "m": false}}
{"local_ts": 1773384505585, "server_ts": 1773384505361, "data": {"e": "aggTrade", "E": 1773384505367, "a": 3197604253, "s": "BTCUSDT", "p": "71239.00", "q": "0.003", "nq": "0.003", "f": 7429673804, "l": 7429673804, "T": 1773384505361, "m": false}}
{"local_ts": 1773384505585, "server_ts": 1773384505361, "data": {"e": "aggTrade", "E": 1773384505367, "a": 3197604254, "s": "BTCUSDT", "p": "71239.10", "q": "0.010", "nq": "0.010", "f": 7429673805, "l": 7429673807, "T": 1773384505361, "m": false}}
{"local_ts": 1773384505589, "server_ts": 1773384505361, "data": {"e": "aggTrade", "E": 1773384505370, "a": 3197604255, "s": "BTCUSDT", "p": "71239.20", "q": "0.004", "nq": "0.004", "f": 7429673808, "l": 7429673810, "T": 1773384505361, "m": false}}
{"local_ts": 1773384505589, "server_ts": 1773384505364, "data": {"e": "aggTrade", "E": 1773384505371, "a": 3197604256, "s": "BTCUSDT", "p": "71239.40", "q": "0.002", "nq": "0.002", "f": 7429673811, "l": 7429673811, "T": 1773384505364, "m": false}}
{"local_ts": 1773384505590, "server_ts": 1773384505364, "data": {"e": "aggTrade", "E": 1773384505371, "a": 3197604257, "s": "BTCUSDT", "p": "71239.60", "q": "0.002", "nq": "0.002", "f": 7429673812, "l": 7429673812, "T": 1773384505364, "m": false}}
