{"e": "aggTrade", "E": 1772893681835, "a": 3184896043, "s": "BTCUSDT", "p": "67767.10", "q": "0.003", "nq": "0.003", "f": 7400132645, "l": 7400132645, "T": 1772893681681, "m": true, "local_ts": 1772893681672}
{"e": "aggTrade", "E": 1772893682471, "a": 3184896044, "s": "BTCUSDT", "p": "67767.10", "q": "0.003", "nq": "0.003", "f": 7400132646, "l": 7400132646, "T": 1772893682336, "m": true, "local_ts": 1772893682309}
{"e": "aggTrade", "E": 1772893682622, "a": 3184896045, "s": "BTCUSDT", "p": "67767.20", "q": "0.700", "nq": "0.700", "f": 7400132647, "l": 7400132648, "T": 1772893682468, "m": false, "local_ts": 1772893682461}
{"e": "aggTrade", "E": 1772893683441, "a": 3184896046, "s": "BTCUSDT", "p": "67767.10", "q": "0.004", "nq": "0.004", "f": 7400132649, "l": 7400132649, "T": 1772893683288, "m": true, "local_ts": 1772893683280}
{"e": "aggTrade", "E": 1772893683878, "a": 3184896047, "s": "BTCUSDT", "p": "67767.20", "q": "0.038", "nq": "0.038", "f": 7400132650, "l": 7400132650, "T": 1772893683724, "m": false, "local_ts": 1772893683715}
{"e": "aggTrade", "E": 1772893684358, "a": 3184896048, "s": "BTCUSDT", "p": "67767.10", "q": "0.042", "nq": "0.042", "f": 7400132651, "l": 7400132652, "T": 1772893684243, "m": true, "local_ts": 1772893684196}
{"e": "aggTrade", "E": 1772893684470, "a": 3184896049, "s": "BTCUSDT", "p": "67767.20", "q": "0.029", "nq": "0.029", "f": 7400132653, "l": 7400132653, "T": 1772893684355, "m": false, "local_ts": 1772893684308}
{"e": "aggTrade", "E": 1772893684621, "a": 3184896050, "s": "BTCUSDT", "p": "67767.10", "q": "0.002", "nq": "0.002", "f": 7400132654, "l": 7400132654, "T": 1772893684467, "m": true, "local_ts": 1772893684460}
{"e": "aggTrade", "E": 1772893685938, "a": 3184896051, "s": "BTCUSDT", "p": "67767.10", "q": "0.002", "nq": "0.002", "f": 7400132655, "l": 7400132655, "T": 1772893685812, "m": true, "local_ts": 1772893685777}
{"e": "aggTrade", "E": 1772893686089, "a": 3184896052, "s": "BTCUSDT", "p": "67767.20", "q": "0.028", "nq": "0.028", "f": 7400132656, "l": 7400132656, "T": 1772893685935, "m": false, "local_ts": 1772893685928}
{"e": "aggTrade", "E": 1772893686472, "a": 3184896053, "s": "BTCUSDT", "p": "67767.10", "q": "0.002", "nq": "0.002", "f": 7400132657, "l": 7400132657, "T": 1772893686421, "m": true, "local_ts": 1772893686313}
{"e": "aggTrade", "E": 1772893686623, "a": 3184896054, "s": "BTCUSDT", "p": "67767.20", "q": "0.044", "nq": "0.044", "f": 7400132658, "l": 7400132658, "T": 1772893686471, "m": false, "local_ts": 1772893686461}
{"e": "aggTrade", "E": 1772893687033, "a": 3184896055, "s": "BTCUSDT", "p": "67767.20", "q": "0.030", "nq": "0.030", "f": 7400132659, "l": 7400132661, "T": 1772893686880, "m": false, "local_ts": 1772893686870}
{"e": "aggTrade", "E": 1772893687574, "a": 3184896056, "s": "BTCUSDT", "p": "67767.10", "q": "0.003", "nq": "0.003", "f": 7400132662, "l": 7400132664, "T": 1772893687462, "m": true, "local_ts": 1772893687414}
{"e": "aggTrade", "E": 1772893687709, "a": 3184896057, "s": "BTCUSDT", "p": "67767.20", "q": "0.005", "nq": "0.005", "f": 7400132665, "l": 7400132665, "T": 1772893687571, "m": false, "local_ts": 1772893687552}
{"e": "aggTrade", "E": 1772893687755, "a": 3184896058, "s": "BTCUSDT", "p": "67767.10", "q": "0.002", "nq": "0.002", "f": 7400132666, "l": 7400132666, "T": 1772893687707, "m": true, "local_ts": 1772893687598}
{"e": "aggTrade", "E": 1772893687907, "a": 3184896059, "s": "BTCUSDT", "p": "67767.20", "q": "0.004", "nq": "0.004", "f": 7400132667, "l": 7400132667, "T": 1772893687753, "m": false, "local_ts": 1772893687745}
{"e": "aggTrade", "E": 1772893688210, "a": 3184896060, "s": "BTCUSDT", "p": "67767.10", "q": "0.007", "nq": "0.007", "f": 7400132668, "l": 7400132670, "T": 1772893688061, "m": true, "local_ts": 1772893688048}
{"e": "aggTrade", "E": 1772893688210, "a": 3184896061, "s": "BTCUSDT", "p": "67767.20", "q": "2.056", "nq": "2.056", "f": 7400132671, "l": 7400132723, "T": 1772893688206, "m": false, "local_ts": 1772893688048}
{"e": "aggTrade", "E": 1772893688210, "a": 3184896062, "s": "BTCUSDT", "p": "67767.30", "q": "0.681", "nq": "0.681", "f": 7400132724, "l": 7400132729, "T": 1772893688206, "m": false, "local_ts": 1772893688052}
{"e": "aggTrade", "E": 1772893688210, "a": 3184896063, "s": "BTCUSDT", "p": "67767.40", "q": "0.002", "nq": "0.002", "f": 7400132730, "l": 7400132730, "T": 1772893688206, "m": false, "local_ts": 1772893688052}
{"e": "aggTrade", "E": 1772893688210, "a": 3184896064, "s": "BTCUSDT", "p": "67767.50", "q": "0.060", "nq": "0.060", "f": 7400132731, "l": 7400132733, "T": 1772893688206, "m": false, "local_ts": 1772893688053}
{"e": "aggTrade", "E": 1772893688210, "a": 3184896065, "s": "BTCUSDT", "p": "67767.80", "q": "0.002", "nq": "0.002", "f": 7400132734, "l": 7400132734, "T": 1772893688206, "m": false, "local_ts": 1772893688053}
{"e": "aggTrade", "E": 1772893688210, "a": 3184896066, "s": "BTCUSDT", "p": "67768.00", "q": "0.005", "nq": "0.005", "f": 7400132735, "l": 7400132736, "T": 1772893688206, "m": false, "local_ts": 1772893688053}
{"e": "aggTrade", "E": 1772893688210, "a": 3184896067, "s": "BTCUSDT", "p": "67768.20", "q": "0.002", "nq": "0.002", "f": 7400132737, "l": 7400132737, "T": 1772893688206, "m": false, "local_ts": 1772893688053}
{"e": "aggTrade", "E": 1772893688210, "a": 3184896068, "s": "BTCUSDT", "p": "67768.30", "q": "0.001", "nq": "0.001", "f": 7400132738, "l": 7400132738, "T": 1772893688206, "m": false, "local_ts": 1772893688054}
{"e": "aggTrade", "E": 1772893688210, "a": 3184896069, "s": "BTCUSDT", "p": "67768.40", "q": "0.001", "nq": "0.001", "f": 7400132739, "l": 7400132739, "T": 1772893688206, "m": false, "local_ts": 1772893688054}
{"e": "aggTrade", "E": 1772893688210, "a": 3184896070, "s": "BTCUSDT", "p": "67768.50", "q": "0.001", "nq": "0.001", "f": 7400132740, "l": 7400132740, "T": 1772893688206, "m": false, "local_ts": 1772893688054}
{"e": "aggTrade", "E": 1772893688210, "a": 3184896071, "s": "BTCUSDT", "p": "67768.60", "q": "0.002", "nq": "0.002", "f": 7400132741, "l": 7400132741, "T": 1772893688206, "m": false, "local_ts": 1772893688054}
{"e": "aggTrade", "E": 1772893688210, "a": 3184896072, "s": "BTCUSDT", "p": "67768.70", "q": "0.004", "nq": "0.004", "f": 7400132742, "l": 7400132742, "T": 1772893688206, "m": false, "local_ts": 1772893688055}
{"e": "aggTrade", "E": 1772893688210, "a": 3184896073, "s": "BTCUSDT", "p": "67768.80", "q": "0.002", "nq": "0.002", "f": 7400132743, "l": 7400132743, "T": 1772893688206, "m": false, "local_ts": 1772893688055}
{"e": "aggTrade", "E": 1772893688210, "a": 3184896074, "s": "BTCUSDT", "p": "67768.90", "q": "0.004", "nq": "0.004", "f": 7400132744, "l": 7400132745, "T": 1772893688206, "m": false, "local_ts": 1772893688055}
{"e": "aggTrade", "E": 1772893688210, "a": 3184896075, "s": "BTCUSDT", "p": "67769.00", "q": "0.009", "nq": "0.009", "f": 7400132746, "l": 7400132747, "T": 1772893688206, "m": false, "local_ts": 1772893688055}
{"e": "aggTrade", "E": 1772893688210, "a": 3184896076, "s": "BTCUSDT", "p": "67769.10", "q": "0.006", "nq": "0.006", "f": 7400132748, "l": 7400132749, "T": 1772893688206, "m": false, "local_ts": 1772893688056}
{"e": "aggTrade", "E": 1772893688210, "a": 3184896077, "s": "BTCUSDT", "p": "67769.30", "q": "0.008", "nq": "0.008", "f": 7400132750, "l": 7400132752, "T": 1772893688206, "m": false, "local_ts": 1772893688056}
{"e": "aggTrade", "E": 1772893688210, "a": 3184896078, "s": "BTCUSDT", "p": "67769.40", "q": "0.260", "nq": "0.260", "f": 7400132753, "l": 7400132753, "T": 1772893688206, "m": false, "local_ts": 1772893688056}
{"e": "aggTrade", "E": 1772893688210, "a": 3184896079, "s": "BTCUSDT", "p": "67769.60", "q": "0.003", "nq": "0.003", "f": 7400132754, "l": 7400132754, "T": 1772893688206, "m": false, "local_ts": 1772893688056}
{"e": "aggTrade", "E": 1772893688210, "a": 3184896080, "s": "BTCUSDT", "p": "67769.70", "q": "0.001", "nq": "0.001", "f": 7400132755, "l": 7400132755, "T": 1772893688206, "m": false, "local_ts": 1772893688057}
{"e": "aggTrade", "E": 1772893688210, "a": 3184896081, "s": "BTCUSDT", "p": "67769.90", "q": "0.004", "nq": "0.004", "f": 7400132756, "l": 7400132756, "T": 1772893688206, "m": false, "local_ts": 1772893688057}
{"e": "aggTrade", "E": 1772893688210, "a": 3184896082, "s": "BTCUSDT", "p": "67770.00", "q": "0.240", "nq": "0.240", "f": 7400132757, "l": 7400132761, "T": 1772893688206, "m": false, "local_ts": 1772893688057}
{"e": "aggTrade", "E": 1772893688210, "a": 3184896083, "s": "BTCUSDT", "p": "67770.10", "q": "0.002", "nq": "0.002", "f": 7400132762, "l": 7400132762, "T": 1772893688206, "m": false, "local_ts": 1772893688058}
{"e": "aggTrade", "E": 1772893688210, "a": 3184896084, "s": "BTCUSDT", "p": "67770.20", "q": "0.003", "nq": "0.003", "f": 7400132763, "l": 7400132764, "T": 1772893688206, "m": false, "local_ts": 1772893688058}
{"e": "aggTrade", "E": 1772893688210, "a": 3184896085, "s": "BTCUSDT", "p": "67770.40", "q": "0.001", "nq": "0.001", "f": 7400132765, "l": 7400132765, "T": 1772893688206, "m": false, "local_ts": 1772893688058}
{"e": "aggTrade", "E": 1772893688210, "a": 3184896086, "s": "BTCUSDT", "p": "67770.50", "q": "0.005", "nq": "0.005", "f": 7400132766, "l": 7400132767, "T": 1772893688206, "m": false, "local_ts": 1772893688058}
{"e": "aggTrade", "E": 1772893688210, "a": 3184896087, "s": "BTCUSDT", "p": "67770.60", "q": "0.002", "nq": "0.002", "f": 7400132768, "l": 7400132768, "T": 1772893688206, "m": false, "local_ts": 1772893688059}
{"e": "aggTrade", "E": 1772893688211, "a": 3184896088, "s": "BTCUSDT", "p": "67770.70", "q": "0.303", "nq": "0.303", "f": 7400132769, "l": 7400132771, "T": 1772893688206, "m": false, "local_ts": 1772893688059}
{"e": "aggTrade", "E": 1772893688211, "a": 3184896089, "s": "BTCUSDT", "p": "67770.90", "q": "0.001", "nq": "0.001", "f": 7400132772, "l": 7400132772, "T": 1772893688206, "m": false, "local_ts": 1772893688059}
{"e": "aggTrade", "E": 1772893688211, "a": 3184896090, "s": "BTCUSDT", "p": "67771.10", "q": "0.360", "nq": "0.360", "f": 7400132773, "l": 7400132774, "T": 1772893688206, "m": false, "local_ts": 1772893688059}
{"e": "aggTrade", "E": 1772893688211, "a": 3184896091, "s": "BTCUSDT", "p": "67771.20", "q": "0.308", "nq": "0.308", "f": 7400132775, "l": 7400132776, "T": 1772893688206, "m": false, "local_ts": 1772893688059}
{"e": "aggTrade", "E": 1772893688211, "a": 3184896092, "s": "BTCUSDT", "p": "67771.30", "q": "0.003", "nq": "0.003", "f": 7400132777, "l": 7400132778, "T": 1772893688206, "m": false, "local_ts": 1772893688060}
{"e": "aggTrade", "E": 1772893688211, "a": 3184896093, "s": "BTCUSDT", "p": "67771.40", "q": "0.006", "nq": "0.006", "f": 7400132779, "l": 7400132781, "T": 1772893688206, "m": false, "local_ts": 1772893688060}
{"e": "aggTrade", "E": 1772893688211, "a": 3184896094, "s": "BTCUSDT", "p": "67771.60", "q": "0.007", "nq": "0.007", "f": 7400132782, "l": 7400132783, "T": 1772893688207, "m": false, "local_ts": 1772893688060}
{"e": "aggTrade", "E": 1772893688255, "a": 3184896095, "s": "BTCUSDT", "p": "67771.70", "q": "0.172", "nq": "0.172", "f": 7400132784, "l": 7400132789, "T": 1772893688207, "m": false, "local_ts": 1772893688093}
{"e": "aggTrade", "E": 1772893688259, "a": 3184896096, "s": "BTCUSDT", "p": "67771.80", "q": "0.002", "nq": "0.002", "f": 7400132790, "l": 7400132790, "T": 1772893688251, "m": false, "local_ts": 1772893688097}
{"e": "aggTrade", "E": 1772893688263, "a": 3184896097, "s": "BTCUSDT", "p": "67771.90", "q": "0.028", "nq": "0.028", "f": 7400132791, "l": 7400132792, "T": 1772893688256, "m": false, "local_ts": 1772893688103}
{"e": "aggTrade", "E": 1772893688263, "a": 3184896098, "s": "BTCUSDT", "p": "67772.00", "q": "0.003", "nq": "0.003", "f": 7400132793, "l": 7400132793, "T": 1772893688258, "m": false, "local_ts": 1772893688103}
{"e": "aggTrade", "E": 1772893688263, "a": 3184896099, "s": "BTCUSDT", "p": "67772.10", "q": "0.004", "nq": "0.004", "f": 7400132794, "l": 7400132795, "T": 1772893688258, "m": false, "local_ts": 1772893688103}
{"e": "aggTrade", "E": 1772893688309, "a": 3184896100, "s": "BTCUSDT", "p": "67772.20", "q": "0.009", "nq": "0.009", "f": 7400132796, "l": 7400132799, "T": 1772893688258, "m": false, "local_ts": 1772893688152}
{"e": "aggTrade", "E": 1772893688460, "a": 3184896101, "s": "BTCUSDT", "p": "67772.20", "q": "0.083", "nq": "0.083", "f": 7400132800, "l": 7400132800, "T": 1772893688305, "m": true, "local_ts": 1772893688298}
{"e": "aggTrade", "E": 1772893688840, "a": 3184896102, "s": "BTCUSDT", "p": "67772.30", "q": "0.003", "nq": "0.003", "f": 7400132801, "l": 7400132801, "T": 1772893688687, "m": false, "local_ts": 1772893688680}
{"e": "aggTrade", "E": 1772893689101, "a": 3184896103, "s": "BTCUSDT", "p": "67772.30", "q": "0.002", "nq": "0.002", "f": 7400132802, "l": 7400132802, "T": 1772893688947, "m": false, "local_ts": 1772893688940}
{"e": "aggTrade", "E": 1772893689415, "a": 3184896104, "s": "BTCUSDT", "p": "67772.20", "q": "0.011", "nq": "0.011", "f": 7400132803, "l": 7400132803, "T": 1772893689261, "m": true, "local_ts": 1772893689253}
{"e": "aggTrade", "E": 1772893689627, "a": 3184896105, "s": "BTCUSDT", "p": "67772.20", "q": "0.050", "nq": "0.050", "f": 7400132804, "l": 7400132805, "T": 1772893689473, "m": true, "local_ts": 1772893689465}
{"e": "aggTrade", "E": 1772893691158, "a": 3184896106, "s": "BTCUSDT", "p": "67772.20", "q": "0.014", "nq": "0.014", "f": 7400132806, "l": 7400132806, "T": 1772893691004, "m": true, "local_ts": 1772893690997}
{"e": "aggTrade", "E": 1772893691664, "a": 3184896107, "s": "BTCUSDT", "p": "67772.20", "q": "0.029", "nq": "0.029", "f": 7400132807, "l": 7400132807, "T": 1772893691510, "m": true, "local_ts": 1772893691502}
{"e": "aggTrade", "E": 1772893692190, "a": 3184896108, "s": "BTCUSDT", "p": "67772.30", "q": "0.006", "nq": "0.006", "f": 7400132808, "l": 7400132809, "T": 1772893692119, "m": false, "local_ts": 1772893692029}
{"e": "aggTrade", "E": 1772893692341, "a": 3184896109, "s": "BTCUSDT", "p": "67772.20", "q": "0.007", "nq": "0.007", "f": 7400132810, "l": 7400132810, "T": 1772893692188, "m": true, "local_ts": 1772893692180}
{"e": "aggTrade", "E": 1772893692596, "a": 3184896110, "s": "BTCUSDT", "p": "67772.30", "q": "0.029", "nq": "0.029", "f": 7400132811, "l": 7400132812, "T": 1772893692442, "m": false, "local_ts": 1772893692434}
{"e": "aggTrade", "E": 1772893692978, "a": 3184896111, "s": "BTCUSDT", "p": "67772.20", "q": "0.009", "nq": "0.009", "f": 7400132813, "l": 7400132813, "T": 1772893692823, "m": true, "local_ts": 1772893692817}
{"e": "aggTrade", "E": 1772893693383, "a": 3184896112, "s": "BTCUSDT", "p": "67772.20", "q": "0.001", "nq": "0.001", "f": 7400132814, "l": 7400132814, "T": 1772893693333, "m": true, "local_ts": 1772893693222}
{"e": "aggTrade", "E": 1772893693500, "a": 3184896113, "s": "BTCUSDT", "p": "67772.30", "q": "0.017", "nq": "0.017", "f": 7400132815, "l": 7400132816, "T": 1772893693382, "m": false, "local_ts": 1772893693341}
{"e": "aggTrade", "E": 1772893693621, "a": 3184896114, "s": "BTCUSDT", "p": "67772.20", "q": "0.004", "nq": "0.004", "f": 7400132817, "l": 7400132818, "T": 1772893693497, "m": true, "local_ts": 1772893693459}
{"e": "aggTrade", "E": 1772893693772, "a": 3184896115, "s": "BTCUSDT", "p": "67772.30", "q": "0.008", "nq": "0.008", "f": 7400132819, "l": 7400132819, "T": 1772893693619, "m": false, "local_ts": 1772893693617}
{"e": "aggTrade", "E": 1772893694983, "a": 3184896116, "s": "BTCUSDT", "p": "67772.30", "q": "0.011", "nq": "0.011", "f": 7400132820, "l": 7400132822, "T": 1772893694831, "m": false, "local_ts": 1772893694827}
{"e": "aggTrade", "E": 1772893694983, "a": 3184896117, "s": "BTCUSDT", "p": "67772.30", "q": "0.356", "nq": "0.356", "f": 7400132823, "l": 7400132839, "T": 1772893694980, "m": false, "local_ts": 1772893694828}
{"e": "aggTrade", "E": 1772893694983, "a": 3184896118, "s": "BTCUSDT", "p": "67773.20", "q": "0.001", "nq": "0.001", "f": 7400132840, "l": 7400132840, "T": 1772893694980, "m": false, "local_ts": 1772893694829}
{"e": "aggTrade", "E": 1772893694983, "a": 3184896119, "s": "BTCUSDT", "p": "67773.30", "q": "0.002", "nq": "0.002", "f": 7400132841, "l": 7400132841, "T": 1772893694980, "m": false, "local_ts": 1772893694829}
{"e": "aggTrade", "E": 1772893694983, "a": 3184896120, "s": "BTCUSDT", "p": "67773.60", "q": "0.001", "nq": "0.001", "f": 7400132842, "l": 7400132842, "T": 1772893694980, "m": false, "local_ts": 1772893694829}
{"e": "aggTrade", "E": 1772893694983, "a": 3184896121, "s": "BTCUSDT", "p": "67773.70", "q": "0.002", "nq": "0.002", "f": 7400132843, "l": 7400132843, "T": 1772893694980, "m": false, "local_ts": 1772893694830}
{"e": "aggTrade", "E": 1772893694983, "a": 3184896122, "s": "BTCUSDT", "p": "67773.80", "q": "0.017", "nq": "0.017", "f": 7400132844, "l": 7400132846, "T": 1772893694980, "m": false, "local_ts": 1772893694830}
{"e": "aggTrade", "E": 1772893694983, "a": 3184896123, "s": "BTCUSDT", "p": "67773.90", "q": "0.026", "nq": "0.026", "f": 7400132847, "l": 7400132849, "T": 1772893694980, "m": false, "local_ts": 1772893694830}
{"e": "aggTrade", "E": 1772893694983, "a": 3184896124, "s": "BTCUSDT", "p": "67774.00", "q": "0.016", "nq": "0.016", "f": 7400132850, "l": 7400132852, "T": 1772893694980, "m": false, "local_ts": 1772893694830}
{"e": "aggTrade", "E": 1772893694983, "a": 3184896125, "s": "BTCUSDT", "p": "67774.10", "q": "0.004", "nq": "0.004", "f": 7400132853, "l": 7400132854, "T": 1772893694980, "m": false, "local_ts": 1772893694831}
{"e": "aggTrade", "E": 1772893694983, "a": 3184896126, "s": "BTCUSDT", "p": "67774.30", "q": "0.010", "nq": "0.010", "f": 7400132855, "l": 7400132857, "T": 1772893694980, "m": false, "local_ts": 1772893694831}
{"e": "aggTrade", "E": 1772893694983, "a": 3184896127, "s": "BTCUSDT", "p": "67774.40", "q": "0.006", "nq": "0.006", "f": 7400132858, "l": 7400132859, "T": 1772893694980, "m": false, "local_ts": 1772893694831}
{"e": "aggTrade", "E": 1772893694983, "a": 3184896128, "s": "BTCUSDT", "p": "67774.60", "q": "0.002", "nq": "0.002", "f": 7400132860, "l": 7400132860, "T": 1772893694980, "m": false, "local_ts": 1772893694831}
{"e": "aggTrade", "E": 1772893694983, "a": 3184896129, "s": "BTCUSDT", "p": "67774.70", "q": "0.078", "nq": "0.078", "f": 7400132861, "l": 7400132863, "T": 1772893694980, "m": false, "local_ts": 1772893694832}
{"e": "aggTrade", "E": 1772893694983, "a": 3184896130, "s": "BTCUSDT", "p": "67774.90", "q": "0.001", "nq": "0.001", "f": 7400132864, "l": 7400132864, "T": 1772893694980, "m": false, "local_ts": 1772893694832}
{"e": "aggTrade", "E": 1772893694983, "a": 3184896131, "s": "BTCUSDT", "p": "67775.00", "q": "0.021", "nq": "0.021", "f": 7400132865, "l": 7400132868, "T": 1772893694980, "m": false, "local_ts": 1772893694832}
{"e": "aggTrade", "E": 1772893694983, "a": 3184896132, "s": "BTCUSDT", "p": "67775.30", "q": "0.001", "nq": "0.001", "f": 7400132869, "l": 7400132869, "T": 1772893694980, "m": false, "local_ts": 1772893694832}
{"e": "aggTrade", "E": 1772893694983, "a": 3184896133, "s": "BTCUSDT", "p": "67775.40", "q": "0.004", "nq": "0.004", "f": 7400132870, "l": 7400132871, "T": 1772893694980, "m": false, "local_ts": 1772893694833}
{"e": "aggTrade", "E": 1772893694984, "a": 3184896134, "s": "BTCUSDT", "p": "67775.50", "q": "0.006", "nq": "0.006", "f": 7400132872, "l": 7400132873, "T": 1772893694980, "m": false, "local_ts": 1772893694833}
{"e": "aggTrade", "E": 1772893694987, "a": 3184896135, "s": "BTCUSDT", "p": "67775.60", "q": "0.006", "nq": "0.006", "f": 7400132874, "l": 7400132876, "T": 1772893694980, "m": false, "local_ts": 1772893694834}
{"e": "aggTrade", "E": 1772893694987, "a": 3184896136, "s": "BTCUSDT", "p": "67775.80", "q": "0.002", "nq": "0.002", "f": 7400132877, "l": 7400132877, "T": 1772893694983, "m": false, "local_ts": 1772893694834}
{"e": "aggTrade", "E": 1772893694987, "a": 3184896137, "s": "BTCUSDT", "p": "67775.90", "q": "0.004", "nq": "0.004", "f": 7400132878, "l": 7400132879, "T": 1772893694983, "m": false, "local_ts": 1772893694834}
{"e": "aggTrade", "E": 1772893694987, "a": 3184896138, "s": "BTCUSDT", "p": "67776.10", "q": "0.007", "nq": "0.007", "f": 7400132880, "l": 7400132882, "T": 1772893694983, "m": false, "local_ts": 1772893694834}
{"e": "aggTrade", "E": 1772893694989, "a": 3184896139, "s": "BTCUSDT", "p": "67776.30", "q": "0.003", "nq": "0.003", "f": 7400132883, "l": 7400132884, "T": 1772893694983, "m": false, "local_ts": 1772893694835}
{"e": "aggTrade", "E": 1772893694989, "a": 3184896140, "s": "BTCUSDT", "p": "67776.40", "q": "0.004", "nq": "0.004", "f": 7400132885, "l": 7400132885, "T": 1772893694985, "m": false, "local_ts": 1772893694835}
{"e": "aggTrade", "E": 1772893695015, "a": 3184896141, "s": "BTCUSDT", "p": "67776.60", "q": "0.007", "nq": "0.007", "f": 7400132886, "l": 7400132888, "T": 1772893694985, "m": false, "local_ts": 1772893694862}
{"e": "aggTrade", "E": 1772893695015, "a": 3184896142, "s": "BTCUSDT", "p": "67777.10", "q": "0.002", "nq": "0.002", "f": 7400132889, "l": 7400132889, "T": 1772893695012, "m": false, "local_ts": 1772893694863}
{"e": "aggTrade", "E": 1772893695086, "a": 3184896143, "s": "BTCUSDT", "p": "67777.30", "q": "0.002", "nq": "0.002", "f": 7400132890, "l": 7400132890, "T": 1772893695012, "m": false, "local_ts": 1772893694929}
{"e": "aggTrade", "E": 1772893695090, "a": 3184896144, "s": "BTCUSDT", "p": "67777.40", "q": "0.006", "nq": "0.006", "f": 7400132891, "l": 7400132892, "T": 1772893695083, "m": false, "local_ts": 1772893694930}
{"e": "aggTrade", "E": 1772893695090, "a": 3184896145, "s": "BTCUSDT", "p": "67777.60", "q": "0.002", "nq": "0.002", "f": 7400132893, "l": 7400132893, "T": 1772893695086, "m": false, "local_ts": 1772893694930}
{"e": "aggTrade", "E": 1772893695094, "a": 3184896146, "s": "BTCUSDT", "p": "67777.70", "q": "0.024", "nq": "0.024", "f": 7400132894, "l": 7400132895, "T": 1772893695086, "m": false, "local_ts": 1772893694938}
{"e": "aggTrade", "E": 1772893695098, "a": 3184896147, "s": "BTCUSDT", "p": "67778.00", "q": "0.006", "nq": "0.006", "f": 7400132896, "l": 7400132897, "T": 1772893695090, "m": false, "local_ts": 1772893694938}
{"e": "aggTrade", "E": 1772893695098, "a": 3184896148, "s": "BTCUSDT", "p": "67778.10", "q": "0.008", "nq": "0.008", "f": 7400132898, "l": 7400132900, "T": 1772893695094, "m": false, "local_ts": 1772893694939}
{"e": "aggTrade", "E": 1772893695098, "a": 3184896149, "s": "BTCUSDT", "p": "67778.30", "q": "0.002", "nq": "0.002", "f": 7400132901, "l": 7400132901, "T": 1772893695094, "m": false, "local_ts": 1772893694939}
{"e": "aggTrade", "E": 1772893695099, "a": 3184896150, "s": "BTCUSDT", "p": "67778.50", "q": "0.004", "nq": "0.004", "f": 7400132902, "l": 7400132902, "T": 1772893695094, "m": false, "local_ts": 1772893694939}
{"e": "aggTrade", "E": 1772893695099, "a": 3184896151, "s": "BTCUSDT", "p": "67778.70", "q": "0.002", "nq": "0.002", "f": 7400132903, "l": 7400132903, "T": 1772893695094, "m": false, "local_ts": 1772893694939}
{"e": "aggTrade", "E": 1772893695099, "a": 3184896152, "s": "BTCUSDT", "p": "67778.80", "q": "0.007", "nq": "0.007", "f": 7400132904, "l": 7400132906, "T": 1772893695094, "m": false, "local_ts": 1772893694940}
{"e": "aggTrade", "E": 1772893695104, "a": 3184896153, "s": "BTCUSDT", "p": "67778.90", "q": "0.005", "nq": "0.005", "f": 7400132907, "l": 7400132909, "T": 1772893695094, "m": false, "local_ts": 1772893694943}
{"e": "aggTrade", "E": 1772893695107, "a": 3184896154, "s": "BTCUSDT", "p": "67779.00", "q": "0.011", "nq": "0.011", "f": 7400132910, "l": 7400132914, "T": 1772893695100, "m": false, "local_ts": 1772893694945}
{"e": "aggTrade", "E": 1772893695107, "a": 3184896155, "s": "BTCUSDT", "p": "67779.10", "q": "0.006", "nq": "0.006", "f": 7400132915, "l": 7400132916, "T": 1772893695103, "m": false, "local_ts": 1772893694946}
{"e": "aggTrade", "E": 1772893695107, "a": 3184896156, "s": "BTCUSDT", "p": "67779.20", "q": "0.002", "nq": "0.002", "f": 7400132917, "l": 7400132917, "T": 1772893695103, "m": false, "local_ts": 1772893694946}
{"e": "aggTrade", "E": 1772893695107, "a": 3184896157, "s": "BTCUSDT", "p": "67779.50", "q": "0.002", "nq": "0.002", "f": 7400132918, "l": 7400132918, "T": 1772893695103, "m": false, "local_ts": 1772893694946}
{"e": "aggTrade", "E": 1772893695107, "a": 3184896158, "s": "BTCUSDT", "p": "67779.60", "q": "0.002", "nq": "0.002", "f": 7400132919, "l": 7400132919, "T": 1772893695103, "m": false, "local_ts": 1772893694946}
{"e": "aggTrade", "E": 1772893695112, "a": 3184896159, "s": "BTCUSDT", "p": "67779.70", "q": "0.004", "nq": "0.004", "f": 7400132920, "l": 7400132921, "T": 1772893695103, "m": false, "local_ts": 1772893694950}
{"e": "aggTrade", "E": 1772893695114, "a": 3184896160, "s": "BTCUSDT", "p": "67780.00", "q": "0.010", "nq": "0.010", "f": 7400132922, "l": 7400132925, "T": 1772893695109, "m": false, "local_ts": 1772893694951}
{"e": "aggTrade", "E": 1772893695114, "a": 3184896161, "s": "BTCUSDT", "p": "67780.30", "q": "0.005", "nq": "0.005", "f": 7400132926, "l": 7400132926, "T": 1772893695111, "m": false, "local_ts": 1772893694951}
{"e": "aggTrade", "E": 1772893695114, "a": 3184896162, "s": "BTCUSDT", "p": "67780.40", "q": "0.004", "nq": "0.004", "f": 7400132927, "l": 7400132928, "T": 1772893695111, "m": false, "local_ts": 1772893694952}
{"e": "aggTrade", "E": 1772893695114, "a": 3184896163, "s": "BTCUSDT", "p": "67780.50", "q": "0.002", "nq": "0.002", "f": 7400132929, "l": 7400132929, "T": 1772893695111, "m": false, "local_ts": 1772893694952}
{"e": "aggTrade", "E": 1772893695114, "a": 3184896164, "s": "BTCUSDT", "p": "67780.60", "q": "0.004", "nq": "0.004", "f": 7400132930, "l": 7400132930, "T": 1772893695111, "m": false, "local_ts": 1772893694952}
{"e": "aggTrade", "E": 1772893695114, "a": 3184896165, "s": "BTCUSDT", "p": "67780.70", "q": "0.002", "nq": "0.002", "f": 7400132931, "l": 7400132931, "T": 1772893695111, "m": false, "local_ts": 1772893694953}
{"e": "aggTrade", "E": 1772893695114, "a": 3184896166, "s": "BTCUSDT", "p": "67780.80", "q": "0.002", "nq": "0.002", "f": 7400132932, "l": 7400132932, "T": 1772893695111, "m": false, "local_ts": 1772893694953}
{"e": "aggTrade", "E": 1772893695118, "a": 3184896167, "s": "BTCUSDT", "p": "67780.90", "q": "0.001", "nq": "0.001", "f": 7400132933, "l": 7400132933, "T": 1772893695111, "m": false, "local_ts": 1772893694958}
{"e": "aggTrade", "E": 1772893695118, "a": 3184896168, "s": "BTCUSDT", "p": "67781.10", "q": "0.004", "nq": "0.004", "f": 7400132934, "l": 7400132935, "T": 1772893695114, "m": false, "local_ts": 1772893694958}
{"e": "aggTrade", "E": 1772893695118, "a": 3184896169, "s": "BTCUSDT", "p": "67781.20", "q": "0.002", "nq": "0.002", "f": 7400132936, "l": 7400132936, "T": 1772893695114, "m": false, "local_ts": 1772893694958}
{"e": "aggTrade", "E": 1772893695175, "a": 3184896170, "s": "BTCUSDT", "p": "67781.30", "q": "0.002", "nq": "0.002", "f": 7400132937, "l": 7400132937, "T": 1772893695114, "m": false, "local_ts": 1772893695014}
{"e": "aggTrade", "E": 1772893695175, "a": 3184896171, "s": "BTCUSDT", "p": "67781.50", "q": "0.016", "nq": "0.016", "f": 7400132938, "l": 7400132941, "T": 1772893695171, "m": false, "local_ts": 1772893695014}
{"e": "aggTrade", "E": 1772893695194, "a": 3184896172, "s": "BTCUSDT", "p": "67781.60", "q": "0.004", "nq": "0.004", "f": 7400132942, "l": 7400132943, "T": 1772893695171, "m": false, "local_ts": 1772893695034}
{"e": "aggTrade", "E": 1772893695345, "a": 3184896173, "s": "BTCUSDT", "p": "67781.60", "q": "0.435", "nq": "0.435", "f": 7400132944, "l": 7400132945, "T": 1772893695192, "m": true, "local_ts": 1772893695183}
{"e": "aggTrade", "E": 1772893695382, "a": 3184896174, "s": "BTCUSDT", "p": "67781.60", "q": "0.003", "nq": "0.003", "f": 7400132946, "l": 7400132946, "T": 1772893695347, "m": true, "local_ts": 1772893695221}
{"e": "aggTrade", "E": 1772893695533, "a": 3184896175, "s": "BTCUSDT", "p": "67781.70", "q": "0.002", "nq": "0.002", "f": 7400132947, "l": 7400132947, "T": 1772893695381, "m": false, "local_ts": 1772893695372}
{"e": "aggTrade", "E": 1772893695844, "a": 3184896176, "s": "BTCUSDT", "p": "67781.60", "q": "0.028", "nq": "0.028", "f": 7400132948, "l": 7400132948, "T": 1772893695781, "m": true, "local_ts": 1772893695682}
